4809 6134
2354 456 2427 464 ,.
2503 411 2598 484 16
2665 456 2740 464 m

706 617 827 682 tibi
897 616 1260 681 mandata.“
1350 614 1720 679 Produntur
1787 622 2003 680 autem
2069 613 2239 678 mala
2307 621 2382 680 ut
2449 614 2757 682 mandata
2805 615 2942 697 hoc,
3010 617 3183 701 quod
3252 617 3398 682 aliis
3466 624 3663 701 atque
3715 638 3863 685 vere
3908 620 4191 687 dolentis
4236 629 4389 688 sunt

706 720 919 786 verbis
965 719 1432 803 exprimuntur.

710 909 885 988 Ibid.
939 924 999 986 v.
1036 908 1162 987 12⁰
1214 931 1371 1011 sqq.
1824 925 2098 1005 scriptor
2138 924 2508 1003 honora-tum
2553 925 2613 987 si
2652 925 2813 1007 forte.
2855 926 3107 1008 reponis
3149 926 3483 1003 Achillem,

1826 1010 2095 1093 inpiam,
2140 1010 2512 1087 iracunduS‚
2558 1011 2994 1093 inexorabilis,
3043 1030 3206 1089 acer,

1827 1098 1979 1161 iura
2023 1102 2201 1178 neyet
2244 1095 2375 1160 sibi
2418 1102 2594 1173 nata,
2638 1097 2809 1162 nihil
2853 1118 2976 1161 mm-
3021 1096 3280 1181 adroyet
3325 1101 3543 1164 armis.

875 1216 1278 1281 Honoratum
1332 1235 1459 1281 non
1519 1222 1890 1299 corruptum
1937 1221 2052 1292 est,
2107 1215 2298 1280 modo
2342 1215 2534 1281 aliter
2578 1222 2777 1299 atque
2821 1216 2962 1281 fieri
3006 1215 3173 1282 solet
3216 1216 3595 1303 explicetur.
3685 1218 4023 1285 Bentleius
4068 1219 4383 1286 Achillem

708 1317 929 1383 Iliadis
986 1318 1374 1384 honoratum
1434 1318 1559 1383 dici
1618 1339 1805 1402 posse
1853 1325 2075 1402 negat:
2124 1317 2423 1400 equidem
2467 1318 2790 1385 Achillem
2833 1318 3196 1384 homo-atum
3245 1318 3390 1403 (das
3436 1318 3939 1387 Geehrtwerden
3983 1322 4098 1388 des
4141 1322 4381 1406 Achill)

708 1419 929 1485 Iliadis
975 1441 1113 1485 esse
1157 1419 1443 1487 fabulam
1490 1421 1803 1486 existimo.
1894 1419 2101 1498 Quam
2147 1442 2291 1486 cum
2337 1420 2646 1487 Horatius
2690 1420 2823 1489 alio
2869 1422 3009 1487 loco
3055 1423 3149 1485 sic
3193 1421 3547 1488 describat:
3594 1424 3804 1488 iratus
3842 1422 4046 1491 Grais
4083 1430 4384 1507 quantum

708 1526 1025 1589 nocuisset
1081 1524 1389 1604 Achilles,
1452 1524 1706 1590 duobus
1765 1544 1933 1607 quae
1994 1523 2115 1589 hoc
2160 1523 2302 1588 loeo
2346 1523 2624 1608 legimus
2669 1522 2899 1600 verbiS‚
2943 1524 3282 1606 aliquanto
3327 1523 3575 1589 indicat
3618 1527 3885 1607 certius;
3932 1527 4384 1610 quodcumque

708 1627 880 1690 enim
935 1625 1204 1691 Achillis
1258 1627 1354 1691 ira
1407 1626 1601 1692 Grais
1660 1627 1897 1703 nocuit,
1965 1628 2058 1692 sic
2104 1626 2229 1692 diis
2273 1627 2603 1710 placitum,
2671 1627 2754 1693 ob
2821 1646 2965 1692 eam
3027 1645 3289 1691 causam
3335 1627 3574 1704 nocuit,
3642 1635 3717 1694 ut
3773 1628 3887 1693 ille
3931 1629 4381 1695 honoraretur.

706 1728 891 1805 Quod
938 1728 1041 1794 cui
1088 1730 1370 1794 nondum
1417 1750 1795 1814 persuasum
1841 1729 1983 1810 erit,
2046 1751 2194 1795 eum
2239 1729 2323 1794 ad
2367 1728 2486 1795 hos
2531 1729 2755 1795 Iliadis
2799 1731 2973 1795 locos
3017 1730 3260 1813 relego:
3309 1747 3369 1817 Α,
3416 1738 3536 1794 508
3584 1752 3725 1813 sqq.
3773 1743 3836 1815 B,
3883 1740 3916 1796 2
3964 1754 4105 1816 sqq.
4149 1751 4210 1822 9,
4257 1740 4378 1797 378

703 1851 843 1914 sqq.
892 1847 927 1907 1,
978 1840 1096 1896 116
1142 1854 1282 1915 sqq.
1329 1847 1395 1917 N,
1441 1841 1560 1897 347
1594 1854 1734 1916 sqq.
1767 1845 1829 1913 Ο,
1862 1841 1937 1897 72
1972 1853 2114 1916 sqq.
2203 1832 2329 1898 Sed
2374 1831 2632 1898 addidit
2697 1822 3028 1898 Bentleius
3095 1833 3373 1899 alterum
3430 1838 3908 1916 argumentum:
3976 1835 4146 1900 dixit
4190 1836 4378 1915 enim,

691 1934 920 2016 qualis
965 1934 1249 2001 Achilles
1297 1935 1540 2009 fuisset,
1586 1958 1715 2001 non
1760 1957 1837 2002 eo
1890 1958 2019 2021 quo
2077 1936 2450 2002 honoratum-
2495 1935 2767 2020 legimus
2813 1935 2972 2013 loco,
3042 1936 3156 2001 sed
3200 1935 3266 1999 in
3312 1933 3729 2016 sequentibus
3772 1935 4114 2001 dicendum
4161 1935 4379 2014 fuisse,

704 2037 944 2123 quippe
989 2038 1223 2120 quibus
1270 2039 1391 2104 hoc
1435 2044 1756 2123 ageretur.
1848 2040 1934 2104 At
1977 2040 2349 2105 honoratum
2401 2041 2472 2104 in
2515 2059 2662 2104 eum
2721 2060 2911 2121 quem
2971 2039 3247 2103 diximus
3305 2057 3564 2103 sensum
3608 2045 3972 2123 acceptum,
4030 2059 4159 2103 non
4215 2059 4377 2122 qua-

703 2139 785 2205 lis
832 2139 1033 2206 fuerit
1076 2142 1373 2222 Achilles,
1418 2142 1529 2213 sed
1576 2142 1734 2225 quid
1780 2161 2008 2225 passus
2052 2144 2136 2208 sit
2178 2142 2448 2208 indicat.
2535 2140 2767 2225 Itaque
2828 2141 3119 2224 quamvis
3170 2146 3347 2205 recte
3392 2140 3723 2206 Bentleius
3767 2146 4043 2220 moneat,
4089 2141 4373 2225 ineptum

690 2264 841 2309 -esse
887 2244 1090 2323 „fidus
1138 2246 1401 2312 Orestes
1445 2246 1534 2311 sit
1578 2245 1840 2321 tristis‚“
1887 2266 2097 2311 nonne
2141 2245 2304 2312 bene
2348 2245 2590 2310 habent
2633 2244 2821 2310 haec:
2870 2262 2950 2320 „a
2994 2241 3179 2307 stiriis
3223 2249 3489 2308 vexatus
3535 2243 3794 2309 Orestes
3840 2244 3928 2310 sit
3970 2244 4263 2309 tristis“?

2171 2740 2908 2898 *usses—
