4809 6134
2118 413 2197 423 ---
2261 366 2461 437 9...

431 609 608 691 stffl·
663 638 723 689 v.
774 609 865 687 42
917 633 1026 709 sq-
2078 628 2145 685 ut
2189 624 2556 686 commolere
2600 624 2828 687 durum

1624 710 1653 741 ”
1762 726 1901 770 cum
1948 708 2177 771 victore
2219 728 2461 787 sequor.

346 902 377 927 ρ
602 831 769 910 Quid
815 832 902 896 sit
946 830 1007 893 h.
1053 829 1096 892 l.
1143 829 1390 904 dumam,
1436 847 1478 891 a
1524 824 1703 891 nullo
1749 826 1920 909 quod
1990 826 2144 890 seio·
2190 825 2543 909 interprete
2611 835 2784 891 recte
2830 828 3188 892 indicatum
3234 834 3351 893 est.
3443 829 3608 894 Nam
3653 851 3863 913 neque
3907 832 4112 900 inter·

429 933 711 1019 pretatio
757 952 928 1015 quae
973 938 1097 996 est:
1145 950 1214 994 es
1243 929 1387 995 hiilt
1430 928 1689 1005 solueret,
1735 947 1945 1011 neque
1991 948 2067 992 ea
2111 948 2308 1010 quam
2356 927 2746 993 Doderlinus
2777 929 3007 995 voluit:
3057 950 3124 993 es
3156 929 3242 995 ist
3273 929 3411 999 roh.
3459 932 3804 1010 unhiiflich‚
3851 941 4110 1000 senten-

433 1037 594 1103 tiam
663 1035 925 1101 Horatii
991 1032 1395 1115 adsequitur.
1486 1030 1970 1097 Meminerimus
2014 1036 2231 1096 autem
2278 1032 2508 1094 durum
2561 1034 2930 1115 oppositum
2978 1053 3116 1097 esse
3163 1033 3352 1097 molli.
3445 1033 3531 1098 Ut
3572 1035 3790 1101 mollis
3835 1037 4110 1103 hominis

431 1130 550 1217 esti
593 1138 888 1204 laborum
938 1145 1005 1202 et
1046 1134 1481 1221 periculorum
1528 1154 1759 1216 parum
1804 1135 2159 1217 patientem
2206 1153 2362 1205 esse,
2410 1134 2500 1197 sic
2546 1134 2747 1199 durus
2795 1134 2910 1199 illa
2955 1135 3124 1200 iusto
3171 1136 3383 1200 minus
3423 1136 3639 1216 sentit,
3687 1139 3856 1204 iusto
3902 1142 4110 1224 magis

431 1240 804 1307 contemnit.
849 1238 1022 1304 Illud
1066 1257 1184 1321 per
1227 1257 1296 1302 se
1343 1243 1551 1319 turpe,
1614 1235 1735 1301 hoc
1779 1242 2125 1321 propterea
2172 1234 2561 1320 fugiendum,
2630 1239 2785 1321 quia
2829 1237 2913 1303 ab
2960 1239 3365 1304 humanitate
3411 1238 3740 1306 abhorret.
3827 1243 4109 1307 Acceda-

431 1364 576 1407 mus
622 1342 890 1427 propius
935 1341 1020 1405 ad
1066 1360 1211 1405 eum
1258 1359 1449 1423 quem
1496 1338 1682 1404 nobis
1722 1339 2175 1423 proposuimus
2218 1338 2453 1404 locum.
2541 1338 2755 1405 Mollis
2809 1339 3002 1405 homo
3046 1361 3331 1424 pugnam
3389 1343 3681 1423 quamvis
3723 1364 3948 1427 parem
3993 1345 4106 1410 de·

430 1448 688 1521 trectat,
734 1445 936 1510 durus
981 1444 1177 1509 etiam
1220 1442 1428 1508 victus
1472 1443 1829 1519 continuat,
1874 1446 2074 1524 atque
2118 1440 2239 1506 hoc
2285 1440 2597 1506 Horatius
2642 1441 2708 1505 in
2754 1461 2823 1506 se
2873 1442 3103 1507 eadere
3148 1442 3433 1509 noluisse
3477 1464 3546 1509 se
3592 1444 3771 1510 dicit.
3865 1446 4104 1513 Verna-

431 1546 616 1612 culae
658 1547 920 1631 linguae
964 1543 1347 1611 vocabulum
1393 1544 1567 1626 quod
1612 1546 1839 1610 durum
1883 1543 2131 1621 reddat,
2176 1542 2422 1607 nullum
2455 1544 2708 1625 reperio
2740 1544 2861 1607 nisi
2894 1545 3179 1608 iocosum
3227 1544 3386 1610 illud
3437 1546 3900 1612 Eisenfresser:
3958 1569 4105 1614 nam

431 1648 485 1713 is
551 1649 665 1732 qui
730 1649 956 1729 „hart“
1000 1649 1262 1720 dicitur,
1309 1669 1435 1712 non
1481 1666 1747 1712 suorum
1796 1645 2111 1723 dolorum,
2165 1645 2277 1711 sed
2324 1645 2683 1710 alienorum
2729 1666 2993 1712 securus
3039 1655 3154 1712 est.
3227 1649 3657 1732 vituperatur
3699 1656 3917 1716 autem
3965 1652 4105 1731 hoc,

427 1751 602 1836 quod
645 1752 1106 1837 descripsimus
1148 1750 1351 1816 animi
1394 1750 1627 1815 vitium
1659 1772 1700 1814 a
1730 1749 2059 1815 veteribus
2106 1770 2231 1813 non
2264 1771 2430 1813 raro.
2478 1748 2582 1812 Sic
2629 1749 2967 1815 Horatius:
3016 1752 3232 1827 durus,
3259 1801 3271 1814 .
3411 1751 3622 1831 Voltei,
3667 1755 3863 1818 nimis
3906 1761 4104 1820 atten-

426 1862 644 1937 tusque
685 1856 942 1931 videri-9,
1009 1855 1110 1919 vel
1157 1852 1275 1918 Illi
1318 1853 1511 1917 robur
1555 1860 1614 1916 et
1658 1874 1767 1916 aes
1811 1852 2040 1933 triplex
2084 1853 2253 1915 circu
2296 1859 2513 1932 pec-tm·
2557 1859 2712 1927 erat,
2757 1853 2867 1933 qui
2908 1853 3203 1935 fram'lcm
3251 1858 3413 1919 truci
3461 1862 3566 1920 etc.
3637 1854 3819 1920 Ovid.
3888 1858 4103 1922 Amor.

423 1956 473 2035 1,
524 1967 577 2033 7,
624 1966 740 2023 49:
786 1966 856 2023 at
897 1978 1065 2022 nunc
1109 1957 1413 2030 sustinui,
1456 1956 1665 2035 raptis
1710 1976 1749 2017 a
1779 1955 1985 2035 frmzte
2030 1955 2306 2036 capillis,
2348 1960 2594 2037 siv-mm
2641 1957 2950 2035 Saye-naas
2993 1977 3197 2037 unque
3240 1966 3459 2023 notare
3498 1978 3711 2039 ρεηαε,
3758 1959 3825 2023 in
3865 1959 4102 2041 quibus

423 2060 675 2125 scilicet
718 2059 947 2142 capilli
994 2066 1059 2122 et
1102 2078 1301 2141 genae
1346 2055 1555 2120 Ovidii
1623 2056 1822 2140 ipsius
1867 2055 2301 2139 intellegenda
2344 2064 2512 2121 sunt.
2603 2060 2816 2138 Atque
2859 2057 3028 2121 idem
3077 2058 3270 2121 animi
3318 2080 3536 2142 genus,
3607 2060 3701 2125 ita
3744 2066 3980 2139 tamen,
4029 2068 4101 2125 ut

422 2162 821 2245 vituperatio
866 2159 1058 2238 absit,
1128 2160 1261 2224 Sat.
1319 2158 1368 2235 1,
1417 2168 1471 2233 2,
1526 2167 1619 2223 17.
1664 2157 1879 2235 habes,
1946 2157 2057 2222 ubi
2106 2158 2265 2222 haec
2309 2168 2492 2222 sunt:
2582 2159 2697 2221 sub
2753 2160 3052 2241 patribus
3120 2161 3301 2224 dum’s
3375 2164 3663 2239 tironum,
3732 2162 3794 2226 in
3864 2163 4099 2244 quibus

424 2265 607 2328 duris
652 2282 780 2327 non
825 2260 909 2327 ad
952 2252 1361 2329 severitatem
1408 2262 1475 2326 in
1523 2262 1782 2336 tirones,
1828 2261 1939 2325 sed
1987 2260 2070 2324 ad
2118 2261 2311 2325 vitam
2360 2261 2750 2325 laboriosam
2798 2268 2994 2342 atque
3042 2282 3302 2343 parcam
3351 2262 3756 2331 referendum
3805 2273 3918 2331 est.

424 2485 600 2564 still·
656 2511 716 2563 v.
769 2484 859 2563 52
911 2508 1017 2585 sq.
1446 2522 1779 2583 „maynam-
1825 2522 2075 2575 narra-³,
2121 2503 2232 2564 via·
2276 2502 2634 2565 ‹wedibile.‘·
2679 2504 2857 2581 atqui
2902 2502 2996 2564 sic
3039 2500 3240 2565 habet.
3291 2503 3624 2575 „accendis
3647 2553 3660 2567 .
3685 2552 3699 2567 .
3726 2511 3778 2567 .“

591 2604 862 2669 Gratior
927 2602 1085 2668 mihi
1156 2603 1332 2669 locus
1401 2610 1499 2670 est
1563 2604 1656 2669 ita
1723 2602 2195 2669 conformatus:
2266 2624 2597 2683 „magnum
2670 2624 2920 2669 narras.
2992 2609 3096 2667 eim
3140 2604 3475 2669 credibile:
3542 2612 3607 2669 at
3650 2607 3712 2671 si
3755 2607 3849 2670 sic
3889 2607 4092 2685 habet,

429 2707 722 2769 accendis
747 2753 761 2768 .
787 2753 801 2768 .
829 2711 883 2768 .“
3311 2698 3354 2737 '⁸

420 2925 597 3004 lbffl·
655 2952 713 3003 v·
748 2927 834 3003 54
885 2950 1040 3029 sqq·
2058 2944 2215 3009 velis·
2260 2946 2713 3009 tamtummodo:
2758 2965 2917 3024 quae
2960 2950 3069 3007 tua
3113 2945 3336 3015 virtus,

1440 3029 1861 3112 capu-anabi&
1907 3037 1963 3095 et
2009 3035 2099 3095 est
2142 3030 2259 3112 qui
2300 3028 2471 3093 vinci
2501 3029 2729 3113 possit,
2785 3049 2975 3111 eoque

1441 3113 1741 3196 difficiles
1786 3115 2002 3180 aditus
2036 3116 2284 3196 primos
2327 3114 2527 3178 habet.

588 3249 918 3317 Bentleius
962 3250 1140 3317 illius
1185 3272 1371 3333 eoque
1415 3259 1727 3334 patronus
1771 3254 1861 3317 sic
1928 3251 2063 3333 agit
2116 3251 2304 3333 quasi
2350 3257 2442 3313 est
2485 3254 2594 3331 qai
2638 3250 2808 3313 vinci
2839 3250 3046 3332 pos-sit
3113 3248 3282 3313 idem
3350 3257 3520 3317 esset
3584 3258 3780 3337 atque
3847 3263 3938 3323 est
3980 3260 4092 3337 qai

419 3372 487 3415 se
528 3353 697 3417 vinci
734 3373 922 3434 posse
985 3357 1181 3420 sciat:
1247 3354 1423 3437 quod
1492 3360 1718 3418 contra
1782 3373 1921 3418 esse
1975 3360 2273 3435 apertum
2320 3360 2437 3417 est.
2531 3351 2874 3414 Praeterea
2919 3351 3114 3425 vides,
3182 3351 3408 3417 eadem
3453 3352 3570 3418 illa
3634 3363 3729 3420 est
3769 3357 3879 3438 qai
3920 3359 4091 3422 vinci

410 3454 628 3536 possit
668 3474 863 3536 quam
908 3455 1125 3540 inepte
1171 3457 1230 3521 ei
1275 3455 1450 3540 quod
1498 3463 1595 3521 est
1639 3458 2032 3541 exmynabis
2076 3476 2191 3538 per
2236 3462 2293 3518 et
2338 3454 2788 3530 adnectantur,
2833 3473 2978 3516 cum
3025 3454 3382 3519 sententiae
3413 3476 3611 3527 causa
3653 3459 3907 3523 inverso
3949 3481 4088 3523 ver-

420 3555 653 3622 borum
698 3556 928 3625 ordine
971 3556 1095 3622 hoc
1140 3560 1612 3642 requireretur:
1661 3567 1759 3624 est
1816 3561 1926 3642 qui
1974 3559 2136 3623 vinci
2184 3557 2387 3639 possit
2433 3563 2499 3621 et
2543 3553 2959 3639 expugnabis.
3049 3554 3362 3637 Equidem
3434 3559 3679 3624 conicio
3745 3560 4090 3627 Horatium

416 3658 698 3725 voluisse
742 3657 895 3723 hoo:

2044 3764 2196 3826 velis
2240 3763 2709 3827 tantummodo:
2754 3783 2911 3842 quac
2957 3767 3064 3824 tua
3109 3763 3334 3841 virias,

1435 3850 1857 3931 efflabis:
1901 3857 1967 3914 at
2010 3857 2080 3913 ut
2123 3850 2233 3929 φοί
2276 3850 2447 3911 eima·
2483 3848 2693 3928 poss-it
2739 3850 2804 3910 iu
2851 3866 3063 3926 aequo-

1433 3934 1731 4016 difficiles
1776 3936 1990 3998 aditus
2026 3935 2273 4015 primos
2314 3934 2516 3997 habet.

416 4050 699 4133 Aequum
744 4057 812 4116 et
855 4071 1094 4133 aequas
1139 4052 1313 4117 locus
1356 4071 1551 4135 quam
1596 4074 1789 4138 saepe
1835 4054 1914 4119 de
1961 4052 2118 4118 locis
2161 4053 2246 4116 ad
2293 4050 2728 4115 dimicandum
2776 4049 2945 4133 aptis
3006 4050 3322 4119 dicantur,
3370 4072 3556 4117 nemo
3600 4062 3700 4119 est
3741 4058 3858 4138 qui
3903 4059 4086 4143 igno-

414 4157 534 4216 ret.
620 4152 839 4217 Livius
885 4159 941 4231 5,
989 4160 1098 4217 38:
1154 4152 1439 4219 Facilem
1481 4156 1552 4221 in
1597 4177 1795 4237 aequo
1841 4157 2052 4238 campi
2096 4156 2424 4221 metm-iam
2467 4156 2622 4234 fore.

415 4373 589 4452 'bu'-
644 4398 705 4450 v·
757 4372 851 4451 ⁶²
903 4397 1058 4476 ⁸⁴1¹!-
1633 4501 1788 4561 „quo
1833 4393 2461 4561 tendtscssngggugt
2505 4392 3121 4556 ῃὲᾆῖῒπὶεῗηῖἴίἱθὲ
3162 4478 3339 4558 coepi

1628 4572 1687 4631 et
1718 4585 2032 4647 prensare
2076 4582 2267 4627 mana
2311 4562 2668 4626 lentis-mna
2711 4560 2990 4633 brachia,
3037 4568 3285 4641 normes,

1630 4651 2025 4731 distorquens
2070 4648 2299 4725 oculos,
2347 4656 2414 4713 nt
2455 4668 2553 4711 me
2595 4648 2876 4727 eriperet.

583 4762 817 4829 Verbis
862 4782 1028 4845 quae
1071 4773 1223 4831 sunt
1266 4775 1448 4852 royac
1491 4774 1551 4832 et
1594 4770 1923 4850 respondet
1981 4766 2251 4852 exprimi
2300 4785 2490 4849 posse
2535 4764 2675 4839 hoc,
2741 4771 3094 4847 utrumque
3140 4767 3416 4831 amicum
3470 4769 3642 4835 idem
3684 4794 3946 4856 rogasse
3991 4775 4076 4840 ad

413 4863 710 4947 idemque
753 4865 1179 4949 respondisse,
1225 4870 1523 4953 equidem
1566 4891 1697 4936 non
1739 4871 1949 4935 eredo.
2036 4871 2382 4935 Praeterea
2439 4868 2656 4939 miror,
2723 4866 2897 4947 quod
2942 4865 3271 4946 Horatius,
3339 4872 3519 4937 cuius
3562 4874 3761 4940 solius
3813 4882 3886 4941 ut
3929 4897 4078 4943 cum

407 4965 614 5031 amico
659 4966 1141 5050 colloqueretur
1183 4971 1515 5051 intererat,
1562 4993 1688 5037 non
1734 4973 1917 5057 prior
1962 4972 2274 5053 loquitur.
2364 4970 2698 5034 Postremo
2752 4966 3048 5033 desidero
3093 4970 3397 5038 indicium
3442 4976 3612 5041 unde
3655 4978 4075 5066 intellegatur

3667 5090 3698 5144 2
