4809 6134
2271 387 2626 483 -2.··'·’

614 600 961 682 carm.
1020 597 1246 694 111,
1303 596 1400 692 5,
1454 594 1776 673 32-—362
1935 637 1997 708 .·
2353 669 2357 673 ,
2661 612 2782 675 erit
2815 612 2935 676 aze
2976 613 3173 694 sortis

1835 717 1944 777 qui
1978 696 2256 777 perfidis
2297 716 2365 759 se
2411 695 2685 760 eredidit
2726 696 3024 775 hostibus,

1836 788 1895 846 et
1936 780 2156 845 Marte
2203 780 2450 846 Poenos
2487 787 2769 861 proteret
2812 783 3031 861 altere,

1837 868 1947 947 qui
1993 866 2131 932 lora
2176 867 2489 931 restrictis
2534 868 2792 932 lacertis

1837 953 2037 1016 sensit
2078 953 2252 1016 iners
2297 953 2625 1033 timuitque
2677 960 2953 1018 mortem.

788 1054 1005 1120 Marte
1050 1055 1249 1119 altero
1294 1055 1348 1119 si
1395 1060 1571 1118 recte
1617 1054 1981 1136 explicatur
2023 1075 2139 1138 per
2181 1061 2476 1119 renovato
2522 1054 2698 1132 belle,
2743 1052 2956 1137 friget.
3045 1054 3166 1118 Est
3207 1060 3427 1119 autem
3474 1054 3842 1137 oppositum
3889 1055 3948 1118 ei
3992 1055 4168 1138 quod
4201 1063 4299 1121 est

616 1157 835 1222 Marte
880 1156 1072 1222 dubio
1117 1156 1219 1220 vel
1264 1158 1519 1234 incerte,
1587 1163 1653 1221 et
1696 1157 1944 1221 indicat
1990 1155 2264 1221 Martem
2308 1156 2438 1221 iam
2487 1162 2664 1221 certo
2729 1155 2995 1220 consilio
3039 1154 3344 1220 alterutri
3390 1156 3566 1238 parti
3631 1156 3975 1235 faventem,
4042 1163 4119 1221 ut
4159 1156 4297 1222 fere

619 1260 790 1324 idem
834 1261 922 1324 sit
987 1264 1187 1340 atque
1254 1259 1585 1341 explorata
1646 1260 1931 1324 victoria.
2022 1258 2346 1323 Utebatur
2413 1263 2630 1322 autem
2701 1257 3014 1323 Horatius
3059 1258 3183 1322 hoc
3227 1257 3532 1340 loquendi
3597 1279 3832 1342 genere
3876 1265 3952 1323 ut
3994 1279 4295 1342 graecum

616 1362 775 1428 Illud
824 1378 1089 1450 ἑτεραλκὴς
1150 1361 1539 1426 imit-aretur.

621 1558 970 1640 carm.
1027 1555 1254 1648 111,
1308 1552 1411 1637 9.
1519 1566 1659 1630 Hoc
1704 1586 1981 1645 carmen,
2027 1567 2118 1630 sic
2162 1574 2236 1631 ut
2280 1566 2468 1649 vulgo
2515 1567 2771 1649 legitur,
2818 1565 3314 1644 conformatum,
3367 1566 3481 1649 qui
3524 1566 3666 1631 fieri
3711 1568 4016 1651 potuerit,
4077 1573 4152 1631 ut
4196 1574 4300 1632 tot

622 1673 828 1737 doctis
872 1672 1030 1735 viris
1074 1671 1142 1734 in
1186 1668 1437 1733 deliciis
1483 1676 1671 1745 esset,
1727 1688 1830 1732 me
1877 1689 2005 1732 non
2052 1668 2430 1751 intellegere
2476 1667 2703 1734 fateor.
2795 1667 3078 1751 Stropha
3120 1669 3330 1752 prima
3371 1674 3570 1751 atque
3615 1669 3829 1733 altera
3871 1669 4185 1735 Horatius
4230 1676 4298 1734 et

621 1775 827 1861 Lydia
870 1775 968 1839 ita
1011 1774 1182 1837 inter
1226 1793 1292 1836 se
1338 1771 1836 1853 conloquuntur,
1881 1778 1956 1834 ut
2004 1791 2113 1836 eos
2158 1772 2496 1836 etiamtum
2543 1771 2713 1834 iuter
2759 1790 2826 1834 se
2870 1790 3090 1835 amare
3127 1770 3513 1853 priscaeque
3558 1772 3811 1836 veneris
3855 1772 4301 1839 restituendae

622 1876 889 1961 cupidos
933 1895 1070 1939 esse
1114 1880 1410 1958 apertum
1455 1875 1560 1938 sit.
1637 1872 1806 1950 Quid
1851 1872 2104 1937 duabus
2150 1894 2315 1956 quae
2361 1878 2723 1956 sequuntur
2767 1872 3054 1956 strophis
3103 1872 3477 1938 subiciunt?
3543 1873 3854 1938 Horatius
3899 1895 3967 1938 se
4011 1875 4297 1958 Lydiam,

625 1978 832 2064 Lydia
860 1998 929 2041 se
960 1976 1302 2040 Horatium
1335 1974 1497 2040 nihil
1528 1996 1758 2040 curare
1804 1975 2112 2040 declarat.
2159 1976 2323 2040 Nam
2371 1976 2510 2050 hoc,
2556 1976 2804 2058 opinor,
2849 1976 3092 2039 iactato
3140 1973 3373 2039 Chloes
3418 1979 3486 2040 et
3516 1974 3699 2040 Calai
3745 1997 3964 2041 amore
4008 1996 4137 2040 non
4180 1997 4299 2059 per

624 2081 927 2165 ambages
972 2078 1285 2162 arguitur.
1372 2077 1521 2143 Jam
1587 2085 1920 2160 tamquam
1989 2100 2071 2145 ne
2114 2078 2276 2143 haec
2340 2079 2603 2161 quidem
2648 2079 2823 2142 dicta
2867 2085 3096 2157 essent,
3165 2078 3418 2144 duabus
3486 2100 3653 2162 quae
3718 2086 3970 2146 restant
4011 2079 4297 2162 strophis

624 2185 874 2270 priscus
918 2201 1100 2247 amor
1143 2180 1526 2246 restituitur.
1614 2181 1965 2246 Praeterea
2008 2180 2243 2245 merito
2288 2181 2543 2245 mireris
2587 2181 2726 2258 hoc,
2770 2186 3118 2265 postquam
3165 2181 3371 2265 Lydia
3416 2181 3647 2247 Chloes
3691 2184 4083 2248 mentionem
4129 2182 4302 2260 fecit,

625 2287 969 2352 Horatium
1024 2285 1223 2349 tertia
1266 2282 1537 2367 stropha
1581 2283 1661 2348 de
1706 2284 1830 2349 hac
1874 2284 2113 2367 puella,
2181 2304 2327 2347 cum
2373 2283 2757 2367 praesertim
2819 2285 3100 2366 patriam
3145 2284 3280 2349 eius
3326 2285 3633 2361 nominet,
3700 2284 3798 2349 ita
3842 2285 4040 2366 loqui,
4109 2286 4296 2367 quasi

530 2434 533 2437 ι
626 2389 894 2474 Lydiam
961 2388 1041 2452 de
1109 2407 1187 2450 ea
1252 2385 1415 2450 nihil
1460 2387 1626 2451 scire
1670 2392 1875 2470 putet.
1966 2386 2199 2451 Omnia
2263 2392 2422 2470 apta
2467 2393 2675 2461 erunt,
2743 2386 2800 2449 si
2844 2385 3005 2449 duas
3072 2406 3239 2468 quae
3292 2386 3482 2469 vulgo
3547 2407 3668 2469 pro
3714 2387 3912 2451 tertia
3956 2394 4023 2451 et
4066 2395 4305 2468 quarta

630 2492 958 2556 habentur
1001 2489 1328 2572 strophae,
1376 2488 1465 2552 eis
1509 2509 1677 2570 quae
1723 2509 1982 2553 carmen
2025 2488 2231 2553 ordiri
2275 2489 2487 2555 solent
2529 2489 2782 2555 duabus
2836 2490 3272 2572 praemiseris,
3337 2495 3411 2554 ut
3455 2489 3754 2554 carminis
3799 2494 4019 2573 partes
4063 2488 4186 2552 hoc
4233 2508 4302 2552 se

630 2593 963 2675 excipiant
1006 2591 1258 2656 ordine:

738 2776 788 2826 1.
835 2762 949 2827 Me
993 2784 1158 2827 nunc
1208 2760 1486 2826 Thressa
1540 2760 1733 2825 Chloe
1775 2761 1953 2843 reyizss
2369 2770 2427 2825 4.
2475 2764 2665 2828 donec
2708 2783 2832 2826 nou
2878 2762 3016 2826 alia
3057 2763 3266 2843 mayis

836 2849 1049 2914 dulces
1093 2848 1279 2912 docta
1322 2846 1537 2912 modos
1582 2851 1640 2910 et
1683 2844 1966 2911 citharae
2009 2846 2231 2925 sciens,
2467 2848 2713 2926 arsisti,
2755 2868 2953 2928 neque
2999 2855 3137 2912 erat
3179 2846 3391 2930 Lydia
3421 2853 3574 2928 post
3624 2846 3874 2925 Chloen,

825 2955 950 3016 pro
995 2954 1121 3014 qua
1165 2953 1289 2997 non
1332 2938 1605 2996 metitum
1647 2932 1826 3005 mori,
2474 2933 2657 2998 multi
2703 2932 2916 3016 Lydia
2957 2934 3237 2998 nominis

835 3022 897 3085 si
928 3025 1201 3099 parcent
1244 3020 1498 3082 animae
1539 3018 1683 3098 fata
1724 3018 2074 3098 superstiti.
2470 3017 2764 3082 Romana
2805 3019 2984 3099 viyui
3027 3019 3265 3083 clarior
3306 3014 3461 3082 Ilia.

737 3202 791 3256 2.
838 3212 935 3256 me
977 3194 1169 3255 torret
1208 3189 1350 3269 face
1392 3194 1611 3251 mutua
2369 3195 2424 3250 5.
2470 3189 2625 3270 quid
2665 3188 2727 3252 si
2756 3190 2986 3270 prisca
3028 3190 3199 3254 redit
3257 3188 3464 3253 Venus

842 3275 1115 3341 Ihm-ini
1166 3273 1391 3337 Calais
1431 3272 1611 3354 filius
1665 3271 1907 3357 Ornyti,
2475 3273 2885 3355 diductosque
2926 3276 3074 3357 iuyo
3118 3277 3284 3357 eoyit
3326 3293 3518 3339 aeneo
3533 3274 3567 3336 ἓ

839 3383 955 3445 pro
1000 3381 1119 3442 quo
1167 3359 1266 3423 bis
1297 3360 1527 3440 patiar
1567 3357 1746 3433 oneri,
2468 3361 2529 3423 si
2566 3359 2738 3440 flava
2785 3361 3098 3425 excutitur
3148 3358 3354 3438 Chloe,

839 3449 899 3511 si
932 3451 1201 3528 parcent
1230 3464 1434 3525 puero
1476 3443 1620 3523 fata
1664 3444 2004 3525 superstiti.
2474 3444 2857 3526 reiectaeque
2887 3452 3070 3526 patet
3109 3447 3315 3509 ianua
3359 3443 3653 3527 Lydiae?

742 3627 799 3685 3.
844 3620 1038 3683 amieo
1077 3621 1300 3697 yratus
1344 3634 1518 3677 eram
1562 3613 1694 3692 tibi,
2379 3626 2433 3680 6.
2482 3635 2859 3696 quamquam
2903 3616 3111 3679 sidere
3143 3614 3474 3697 pulchrior

844 3724 954 3768 nec
996 3704 1331 3785 quisquam
1362 3700 1577 3780 potior
1619 3698 1879 3763 brachia
1925 3701 2242 3765 candidae
2474 3701 2583 3765 ille
2626 3706 2733 3778 est,
2779 3706 2847 3765 tu
2890 3699 3083 3765 levior
3127 3702 3353 3765 cortice
3396 3705 3454 3762 et
3495 3697 3758 3781 inprobo

845 3788 1075 3853 cervici
1118 3786 1364 3849 iuvenis
1410 3784 1621 3862 dabat,
2481 3786 2853 3850 iracundior
2896 3784 3179 3867 Hadria,

850 3873 1199 3939 Persarum
1241 3870 1417 3953 viyui
1460 3891 1602 3952 reye
1646 3868 1903 3934 beatior.
2477 3880 2676 3937 tecum
2723 3872 2926 3935 vivere
2969 3892 3187 3949 amem,
3232 3879 3429 3936 tecum
3473 3871 3688 3934 obeam
3731 3868 3949 3931 libens.
4041 3920 4050 3929 ,

646 4067 996 4149 carm.
1052 4063 1254 4145 IV·
1311 4059 1482 4157 12,
1536 4057 1849 4135 25—282
1972 4095 2182 4139 verum
2213 4097 2383 4158 pone
2428 4096 2644 4140 moras
2687 4085 2747 4141 et
2787 4076 3070 4140 studium
3113 4075 3296 4154 lucri,

1968 4161 2419 4243 niyrorumque
2459 4182 2693 4227 memor
2736 4163 2887 4226 dum
2929 4161 3073 4225 licet
3114 4162 3356 4242 ignium

1969 4247 2160 4311 misce
2203 4246 2541 4311 stultitiam
2585 4248 2873 4312 consitiis
2917 4247 3175 4311 brevem.

688 4436 691 4439 Ι
819 4349 1092 4414 Brevem
1134 4348 1473 4412 stultitiam
1522 4367 1665 4410 eam
1711 4353 1944 4429 putant
1987 4348 2395 4432 interpretes
2451 4369 2583 4432 qua
2625 4350 2769 4432 quis
2814 4370 2933 4431 per
2976 4348 3168 4415 breve
3213 4355 3468 4433 tempus
3512 4353 3832 4424 teneatur,
3877 4351 3954 4409 ut
3979 4328 4316 4411 ⁸sententia

649 4455 737 4518 sit
781 4451 968 4516 haec:
1038 4448 1311 4514 consilia
1355 4447 1440 4512 ad
1486 4447 1677 4512 breve
1747 4454 1998 4532 tempus
2043 4450 2258 4515 valere
2302 4450 2453 4515 iube
2498 4472 2854 4535 eorumque
2896 4452 2962 4516 in
3008 4451 3219 4517 locum
3263 4450 3614 4517 stultitiam
3659 4449 3887 4532 recipe.
3976 4447 4220 4513 Verum
4263 4444 4320 4509 si

651 4557 775 4621 hoc
839 4552 1150 4618 voluisset
1215 4557 1424 4636 poeta,
1494 4570 1622 4614 non
1687 4551 1879 4615 misce
1945 4551 2230 4629 dixisset,
2299 4555 2472 4636 quod
2540 4555 2808 4620 verbum
2875 4555 2957 4619 de
3001 4556 3094 4619 eis
3137 4561 3314 4619 recte
3368 4552 3623 4628 dicitur,
3687 4570 3856 4634 quae
3900 4570 4152 4623 summa
4193 4547 4318 4612 loci

652 4657 1114 4725 communitate
1157 4656 1326 4718 inter
1370 4673 1440 4718 se
1485 4653 1859 4738 iunguntur,
1927 4676 2057 4720 non
2105 4661 2281 4720 recte
2346 4656 2428 4722 de
2494 4658 2606 4739 eis,
2673 4678 2950 4740 quorum
3017 4657 3298 4723 alterum
3361 4654 3633 4733 tollitur,
3697 4653 3975 4720 alterum
4040 4650 4320 4734 ponitur.

652 4760 858 4825 Aliter
904 4758 1147 4822 Seneca
1190 4754 1305 4839 Ep.
1358 4763 1504 4820 103:
1576 4754 1651 4821 Si
1694 4758 1893 4840 sapis„
1938 4757 2205 4821 alterum
2250 4759 2442 4824 alteri
2485 4762 2772 4839 misceas,
2838 4781 2951 4826 nec
2993 4760 3352 4840 speraveris
3403 4760 3544 4822 sine
3589 4757 4021 4839 desperatione
4063 4775 4174 4819 nec
4218 4755 4321 4821 de-

654 4862 1014 4945 speraveris
1059 4861 1197 4925 sine
1240 4879 1366 4942 spe.
1453 4858 1603 4923 Jam
1647 4866 1720 4922 ut
1764 4880 1981 4924 veram
2048 4861 2299 4943 generis
2366 4861 2676 4944 loquendi
2744 4863 2872 4927 vim
2930 4881 3409 4947 cognoscamus,
3477 4858 3950 4942 respiciendum
3998 4862 4098 4922 est
4141 4856 4324 4935 illud,

654 4967 893 5029 brevem
959 4962 1295 5028 stultitiam
1363 4961 1725 5044 oppositam
1801 4982 1939 5026 esse
2004 4963 2313 5027 consiliis.
2382 4963 2681 5029 Stultitia
2731 4965 2905 5031 enim
2962 4964 3173 5029 brevis
3232 4960 3458 5027 eodem
3516 4960 3850 5027 intellectu
3903 4959 4142 5027 dicitur
4193 4977 4324 5040 quo
