4809 6134
1096 1198 2251 1377 Quaestiones
2372 1196 3475 1350 Horatianae.

1529 1449 1821 1552 Scripsit
1874 1449 2355 1529 Fcrdinand
2404 1448 3044 1527 Teichm'iller.

2134 1666 2447 1695 ww*—

465 1820 806 1903 (381·111.
866 1816 1025 1899 11·
1077 1816 1168 1911 ff,
1223 1813 1453 1898 ss—S:
1580 1851 1719 1894 cum
1765 1849 1882 1910 quo
1926 1835 2265 1893 morantem
2312 1846 2502 1908 saepe
2545 1827 2711 1890 diem
2754 1846 2922 1890 mero

1573 1915 1742 1996 [θερί
1786 1919 2129 1978 coronatus
2169 1918 2440 1977 nitentes

1576 1998 1967 2063 malobathro
2012 2000 2185 2080 syrio
2230 1997 2517 2079 capillo&

624 2120 812 2184 Diem
857 2118 1170 2202 frangunt
1213 2119 1327 2200 qui
1369 2125 1717 2200 antequam
1762 2116 1902 2181 dies
1947 2116 2030 2180 ad
2076 2137 2265 2181 suum
2311 2116 2451 2198 ipse
2490 2117 2680 2179 finem
2710 2115 3061 2198 perveniat,
3105 2116 3424 2198 inponunt
3453 2115 3510 2180 ei
3539 2116 3757 2180 finem:
3804 2116 3980 2199 quod
4029 2118 4122 2180 ni-

452 2222 690 2285 mirum
733 2222 833 2285 ita
875 2220 966 2299 fit,
1031 2228 1108 2286 ut
1149 2241 1320 2303 quae
1364 2221 1469 2304 agi
1511 2226 1701 2285 nocte
1743 2219 2000 2293 debent,
2068 2238 2146 2282 ea
2211 2219 2341 2283 iam
2409 2223 2558 2282 ante
2602 2224 2856 2282 noctem
2932 2218 3342 2299 incipiantur.
3431 2216 3590 2281 Esse
3633 2223 3849 2282 autem
3895 2219 4120 2295 nocti8‚

452 2343 582 2386 non
630 2322 777 2395 diei,
847 2344 1092 2388 merum
1138 2323 1375 2419 bibere,
1422 2343 1609 2388 nemo
1657 2329 1755 2386 est
1797 2321 1909 2403 qui
1949 2320 2218 2403 ignoret.
2308 2320 2494 2384 Unde
2555 2340 2955 2401 consequens
3020 2326 3137 2399 est,
3204 2322 3373 2384 diem
3413 2340 3580 2386 mero
3631 2321 3798 2403 freyi
3841 2342 3988 2397 non,
4052 2320 4120 2385 id

459 2425 629 2505 quod
676 2426 1065 2508 interpretes
1111 2425 1431 2503 volebant„
1496 2424 1668 2488 idem
1713 2443 1850 2487 esse
1896 2422 2068 2504 quod
2111 2442 2280 2487 mero
2337 2420 2599 2486 bibendo
2644 2429 2880 2503 tempus
2922 2422 3146 2503 fefelli,
3212 2422 3325 2486 sed
3384 2422 3531 2486 hoc:
3597 2442 3722 2487 non
3765 2430 4117 2505 exspectato

454 2526 585 2589 diez·
622 2528 751 2608 fine
794 2528 1001 2591 bibere
1042 2546 1285 2588 merum
1330 2525 1519 2607 coepi.
1608 2525 1832 2607 Neque
1876 2544 2026 2589 vero
2071 2524 2356 2589 alienum
2423 2524 2506 2588 ab
2551 2523 2820 2589 Horatio
2874 2523 3076 2588 fuisse
3120 2526 3337 2589 animo
3380 2523 3622 2609 fingere
3686 2526 3874 2605 diem,
3940 2532 4122 2593 ante-

452 2647 647 2708 quam
692 2649 811 2693 suo
858 2647 1051 2690 cursu
1099 2627 1182 2690 ad
1228 2627 1417 2690 finem
1462 2628 1841 2709 pervenerit,
1889 2627 2074 2708 quasi
2120 2627 2181 2690 vi
2224 2626 2482 2691 finitum
2528 2626 2629 2689 vel
2674 2627 3132 2709 interruptum,
3198 2627 3442 2692 indicat
3486 2629 3680 2693 etiam
3745 2629 3910 2693 illud
3957 2650 4120 2711 par-

452 2736 574 2792 tem
619 2732 863 2793 demere
907 2728 984 2791 de
1026 2727 1228 2792 solido
1274 2729 1394 2803 die,
1440 2728 1609 2811 quod
1657 2730 1881 2794 eodem
1927 2729 2118 2792 modo
2160 2729 2718 2812 interpretandum
2765 2734 2880 2793 est.
2937 2729 3331 2794 Vernaculae
3376 2730 3637 2813 linguae
3681 2731 3856 2796 haud
3902 2733 4119 2815 inepte

456 2829 755 2893 conferas
800 2829 1103 2911 loquendi
1145 2850 1384 2914 genera
1428 2853 1592 2915 quae
1638 2838 1792 2895 sunt
1838 2829 1997 2909 „den
2045 2828 2181 2913 Tag
2226 2851 2340 2894 zur
2383 2830 2597 2895 Nacht
2638 2830 2926 2909 macheu,
2973 2830 3370 2896 Feierabend
3417 2833 3741 2897 machen.“

459 3020 807 3102 Carm-
862 3021 1021 3118 ΙΙ,
1078 3019 1249 3117 16,
1303 3020 1608 3111 25—273
1783 3036 1986 3099 laetus
2029 3037 2103 3098 in
2133 3053 2448 3117 praesens
2493 3037 2748 3099 animus
2791 3036 2957 3117 quod
2995 3036 3170 3100 ultra
3214 3042 3307 3100 est

1778 3120 1983 3186 oderit
2024 3141 2283 3202 sperare
2327 3126 2385 3185 ot
2429 3140 2656 3183 amara
2699 3120 2861 3185 lento

1778 3212 2070 3287 temperet
2110 3206 2268 3269 risu.

626 3322 695 3386 Si
739 3324 924 3387 cuius
971 3343 1060 3401 oe,
1106 3330 1182 3387 ut
1224 3323 1492 3407 Vergilii
1538 3324 1733 3388 verba
1776 3344 1921 3388 mea
1964 3323 2219 3401 faciam,
2265 3329 2530 3406 torquet
2573 3344 2849 3402 amaror,
2914 3324 3015 3388 hic
3061 3324 3271 3389 ridere
3316 3332 3584 3391 conatus
3649 3348 3778 3392 non
3837 3346 3984 3393 eum
4028 3329 4114 3393 ri-

455 3444 596 3488 sum
640 3423 991 3503 exhibebit,
1036 3426 1148 3506 qui
1192 3424 1382 3490 facile
1426 3433 1492 3490 et
1537 3447 1655 3490 sua
1698 3434 1925 3509 sponte
1968 3444 2283 3508 apparere
2329 3425 2603 3501 videtur,
2648 3424 2761 3491 sed
2805 3424 3069 3489 lentum.
3161 3425 3403 3505 Quodsi
3450 3430 3868 3511 reputaveris,
3913 3432 4115 3515 aptis-

451 3525 607 3590 sime
664 3525 749 3589 ad
816 3525 987 3589 hunc
1030 3527 1241 3591 locum
1288 3526 1740 3610 explicandum
1784 3549 1855 3593 os
1901 3548 2195 3592 amarum
2261 3527 2478 3591 animo
2523 3525 2692 3609 fingi,
2760 3546 3101 3609 cognosces
3144 3530 3429 3610 primum
3488 3531 3627 3610 hoc,
3689 3531 3758 3596 in
3801 3533 4114 3599 vocabulo

443 3627 619 3709 quod
666 3633 767 3694 est
811 3625 974 3691 lento
1019 3627 1269 3693 nullum
1317 3630 1678 3713 scripturae
1734 3631 1961 3694 vitium
2005 3629 2228 3709 latere,
2294 3629 2528 3695 deinde
2573 3628 2756 3707 illud,
2822 3628 3212 3712 interpretes
3265 3653 3375 3697 eos
3442 3634 3556 3716 qui
3617 3634 3872 3699 lentum
3915 3636 4117 3702 risum

442 3748 560 3811 per
604 3729 746 3808 „ein
789 3726 1167 3811 gelassenes‚
1213 3730 1699 3814 gleichgisstiges
1746 3730 2069 3795 Lacheln“
2115 3737 2394 3809 vertunt,
2452 3730 2892 3813 reprobandos
2947 3751 3103 3796 esse.
3191 3734 3451 3800 Rectius
3496 3735 3846 3801 vernacula
3891 3736 4114 3822 lingua

445 3829 541 3894 ita
584 3830 1065 3911 interpreteris:
1112 3831 1230 3896 mit
1271 3852 1453 3895 wenn
1498 3832 1665 3897 auch
1713 3832 2324 3897 widerstrebendem
2368 3832 2668 3896 Lacheln.

447 4021 795 4103 carm.
850 4022 1010 4119 ΙΙ,
1067 4022 1220 4118 12,
1275 4021 1499 4098 5-—82
1667 4038 1749 4101 alt
1795 4044 1852 4101 te
1894 4059 2068 4101 meac
2110 4040 2172 4101 si
2202 4043 2458 4120 partem
2501 4037 2755 4101 animae
2800 4039 2971 4119 rapit

1660 4125 1975 4188 maturior
2014 4126 2128 4203 vie,
2174 4124 2335 4203 quid
2370 4141 2587 4185 moror
2629 4122 2849 4200 altera,

1658 4226 1772 4272 neo
1816 4228 2006 4272 carus
2051 4220 2244 4290 aequo
2286 4226 2399 4272 nec
2442 4213 2758 4289 superstes

1662 4294 1945 4377 inte-yer?

615 4402 740 4480 Qui
783 4406 946 4471 dicit
988 4426 1059 4471 se
1100 4414 1287 4491 parte
1331 4409 1429 4474 sui
1474 4411 1716 4476 amissa
1759 4432 1889 4476 non
1934 4411 2223 4477 eiusdem
2268 4412 2452 4475 cuius
2496 4416 2691 4475 antea
2735 4409 2952 4476 fuerat
2993 4411 3188 4494 pretii
3232 4409 3386 4491 fore,
3432 4414 3606 4496 quod
3649 4437 3766 4498 per
3810 4440 3878 4483 se
3919 4420 4106 4485 intel-

444 4506 685 4590 legitur
728 4505 902 4573 dicit.
988 4506 1168 4574 Idem
1234 4512 1393 4576 sinit
1435 4533 1552 4578 nos
1613 4513 1942 4593 arbitrari,
2006 4514 2468 4578 detrimentum
2521 4534 2563 4577 a
2606 4534 2675 4578 se
2727 4520 2982 4596 captum
3038 4514 3340 4596 exiguum
3408 4537 3564 4596 esse,
3631 4519 3805 4601 quod
3849 4522 3910 4585 h.
3957 4522 3997 4585 l.
4044 4529 4111 4587 et

443 4609 529 4675 ad
572 4608 962 4674 sententiam
1004 4612 1296 4696 ineptum
1341 4619 1406 4678 et
1448 4614 1808 4681 Maecenati
1850 4637 2084 4698 parum
2129 4613 2557 4680 honorificum
2603 4622 2718 4681 est.
2786 4614 3009 4681 'Aliter
3053 4614 3372 4699 Vergilius
3413 4618 3497 4683 ad
3541 4622 3815 4688 eundem
3860 4622 4108 4690 Maece-

444 4718 661 4776 natem
706 4709 964 4794 (Georg.
1009 4712 1087 4792 11,
1136 4715 1275 4797 41):
1335 4714 1389 4779 Ο
1431 4716 1621 4780 decus
1663 4737 1698 4782 o
1740 4719 1956 4799 famae
1997 4719 2216 4783 merito
2249 4738 2419 4801 pars
2459 4721 2747 4782 maxima
2789 4726 3061 4783 nostrae.
3151 4714 3331 4795 Quae
3375 4741 3519 4786 cum
3563 4724 3661 4788 ita
3704 4726 3849 4806 sint,
3893 4728 4108 4793 Peerl-

443 4814 765 4895 campium
809 4812 1311 4897 distinguentem
1356 4817 1554 4883 verba
1595 4825 1747 4901 post
1786 4840 2017 4899 moror,
2062 4841 2192 4884 non
2235 4826 2382 4903 post
2427 4818 2632 4884 altera
2675 4819 2850 4902 quod
2894 4819 3284 4903 interpretes
3314 4842 3444 4887 non
3488 4828 3692 4891 secuti
3737 4835 3904 4908 sunt,
3950 4852 4108 4898 sane

440 4915 679 4978 mirum
722 4923 838 4981 est.
927 4914 1143 4982 Verba
1186 4920 1359 4983 enim
1404 4921 1497 4985 sic
1540 4919 1851 4986 distincta
1894 4923 2278 4987 sententiam
2345 4920 2654 4987 exhibent
2710 4920 3139 5005 aptissimam:
3208 4921 3373 4988 dicit
3415 4924 3728 4995 Horatius
3770 4934 3966 5015 pretii
4009 4940 4109 5004 sui

437 5015 812 5082 Maecenate
857 5024 1115 5083 mortuo
1162 5043 1242 5086 ne
1286 5021 1622 5089 dimidiam
1666 5024 1931 5107 quidem
1976 5020 2230 5107 partem
2276 5024 2596 5105 reliquam
2642 5021 2797 5087 fore.

3699 5148 3726 5203 1
