<?xml version="1.0" encoding="UTF-8"?>
<!DOCTYPE html PUBLIC "-//W3C//DTD XHTML 1.0 Transitional//EN"
    "http://www.w3.org/TR/xhtml1/DTD/xhtml1-transitional.dtd">
<html xmlns="http://www.w3.org/1999/xhtml" xml:lang="en" lang="en">
 <head>
  <title>
</title>
<meta http-equiv="Content-Type" content="text/html;charset=utf-8" />
  <meta name='ocr-system' content='tesseract 3.04.00' />
  <meta name='ocr-capabilities' content='ocr_page ocr_carea ocr_par ocr_line ocrx_word'/>
</head>
<body>
  <div class='ocr_page' id='page_1' title='image "./quaestioneshora00teicgoog_0019.png"; bbox 0 0 4809 6134; ppageno 0'>
   <div class='ocr_carea' id='block_1_1' title="bbox 468 365 2752 659">
    <p class='ocr_par' dir='ltr' id='par_1_1' title="bbox 468 365 2752 659">
     <span class='ocr_line' id='line_1_1' title="bbox 2107 365 2518 438; baseline -0.005 -16"><span class='ocrx_word' id='word_1_1' title='bbox 2107 410 2201 422; x_wconf 82' lang='grc'>.-</span> <span class='ocrx_word' id='word_1_2' title='bbox 2262 365 2362 438; x_wconf 83' lang='lat'>13</span> <span class='ocrx_word' id='word_1_3' title='bbox 2417 409 2518 420; x_wconf 73' lang='grc'>.-</span> 
     </span>
     <span class='ocr_line' id='line_1_2' title="bbox 468 556 2752 659; baseline -0.006 -13"><span class='ocrx_word' id='word_1_4' title='bbox 468 564 689 653; x_wconf 61' lang='grc' dir='ltr'>Βῦῐ.</span> <span class='ocrx_word' id='word_1_5' title='bbox 744 560 905 644; x_wconf 79' lang='lat'>11·</span> <span class='ocrx_word' id='word_1_6' title='bbox 956 559 1063 655; x_wconf 73' lang='lat' dir='ltr'>S,</span> <span class='ocrx_word' id='word_1_7' title='bbox 1113 556 1207 637; x_wconf 63' lang='grc' dir='ltr'>Ξ.</span> <span class='ocrx_word' id='word_1_8' title='bbox 1257 580 1419 659; x_wconf 67' lang='lat' dir='ltr'>Sqqz</span> <span class='ocrx_word' id='word_1_9' title='bbox 2106 590 2257 634; x_wconf 71' lang='lat' dir='ltr'>nam</span> <span class='ocrx_word' id='word_1_10' title='bbox 2300 577 2508 635; x_wconf 85' lang='lat' dir='ltr'>cetera</span> <span class='ocrx_word' id='word_1_11' title='bbox 2551 570 2752 648; x_wconf 75' lang='lat' dir='ltr'>turba,</span> 
     </span>
    </p>
   </div>
   <div class='ocr_carea' id='block_1_2' title="bbox 472 656 4152 1049">
    <p class='ocr_par' dir='ltr' id='par_1_2' title="bbox 472 656 4152 1049">
     <span class='ocr_line' id='line_1_3' title="bbox 1698 656 3366 740; baseline 0 -19"><span class='ocrx_word' id='word_1_12' title='bbox 1698 675 1831 734; x_wconf 82' lang='lat' dir='ltr'>nos,</span> <span class='ocrx_word' id='word_1_13' title='bbox 1878 657 2154 737; x_wconf 60' lang='lat' dir='ltr'>inaquam,</span> <span class='ocrx_word' id='word_1_14' title='bbox 2201 675 2499 719; x_wconf 78' lang='lat' dir='ltr'>cenamus</span> <span class='ocrx_word' id='word_1_15' title='bbox 2544 674 2708 733; x_wconf 71' lang='lat' dir='ltr'>aveS,</span> <span class='ocrx_word' id='word_1_16' title='bbox 2754 656 3102 740; x_wconf 72' lang='lat' dir='ltr'>conchylia,</span> <span class='ocrx_word' id='word_1_17' title='bbox 3133 658 3366 737; x_wconf 76' lang='lat' dir='ltr'>pisces,</span> 
     </span>
     <span class='ocr_line' id='line_1_4' title="bbox 1698 740 3921 825; baseline 0.002 -24"><span class='ocrx_word' id='word_1_18' title='bbox 1698 741 1876 825; x_wconf 74' lang='lat' dir='ltr'>lonye</span> <span class='ocrx_word' id='word_1_19' title='bbox 1920 740 2231 806; x_wconf 75' lang='lat' dir='ltr'><strong><em>dissimili</em></strong></span> <span class='ocrx_word' id='word_1_20' title='bbox 2275 747 2487 806; x_wconf 76' lang='lat' dir='ltr'>notum</span> <span class='ocrx_word' id='word_1_21' title='bbox 2532 741 2808 805; x_wconf 77' lang='lat' dir='ltr'><em>celantia</em></span> <span class='ocrx_word' id='word_1_22' title='bbox 2852 760 3070 805; x_wconf 69' lang='lat' dir='ltr'>summ</span> <span class='ocrx_word' id='word_1_23' title='bbox 3084 761 3104 820; x_wconf 88' lang='lat'>,·</span> <span class='ocrx_word' id='word_1_24' title='bbox 3913 816 3921 824; x_wconf 29' lang='lat'><em>⁶</em></span> 
     </span>
     <span class='ocr_line' id='line_1_5' title="bbox 642 859 4150 947; baseline -0 -18"><span class='ocrx_word' id='word_1_25' title='bbox 642 864 994 947; x_wconf 84' lang='lat' dir='ltr'>inquibus</span> <span class='ocrx_word' id='word_1_26' title='bbox 1060 861 1217 945; x_wconf 88' lang='lat' dir='ltr'>quid</span> <span class='ocrx_word' id='word_1_27' title='bbox 1287 861 1695 927; x_wconf 87' lang='lat' dir='ltr'>coniecturae</span> <span class='ocrx_word' id='word_1_28' title='bbox 1761 859 2096 939; x_wconf 80' lang='lat' dir='ltr'>debeatur,</span> <span class='ocrx_word' id='word_1_29' title='bbox 2163 859 2426 924; x_wconf 88' lang='lat' dir='ltr'>conlata</span> <span class='ocrx_word' id='word_1_30' title='bbox 2492 859 2848 924; x_wconf 82' lang='lat' dir='ltr'>editionum</span> <span class='ocrx_word' id='word_1_31' title='bbox 2914 860 3239 944; x_wconf 82' lang='lat' dir='ltr'>scriptura</span> <span class='ocrx_word' id='word_1_32' title='bbox 3295 859 3485 924; x_wconf 87' lang='lat' dir='ltr'>facile</span> <span class='ocrx_word' id='word_1_33' title='bbox 3528 860 3887 943; x_wconf 77' lang='lat' dir='ltr'><strong>apparebit.</strong></span> <span class='ocrx_word' id='word_1_34' title='bbox 3979 861 4150 928; x_wconf 89' lang='lat' dir='ltr'>Illud</span> 
     </span>
     <span class='ocr_line' id='line_1_6' title="bbox 472 962 4152 1049; baseline -0.001 -15"><span class='ocrx_word' id='word_1_35' title='bbox 472 967 854 1045; x_wconf 81' lang='lat' dir='ltr'>addiderim,</span> <span class='ocrx_word' id='word_1_36' title='bbox 899 966 966 1030; x_wconf 92' lang='lat' dir='ltr'>in</span> <span class='ocrx_word' id='word_1_37' title='bbox 1010 965 1220 1049; x_wconf 91' lang='lat' dir='ltr'>primo</span> <span class='ocrx_word' id='word_1_38' title='bbox 1267 964 1497 1029; x_wconf 87' lang='lat' dir='ltr'>horum</span> <span class='ocrx_word' id='word_1_39' title='bbox 1543 964 1742 1029; x_wconf 90' lang='lat' dir='ltr'>trium</span> <span class='ocrx_word' id='word_1_40' title='bbox 1789 963 2081 1028; x_wconf 86' lang='lat' dir='ltr'>locorum</span> <span class='ocrx_word' id='word_1_41' title='bbox 2127 962 2427 1028; x_wconf 88' lang='lat' dir='ltr'>consulto</span> <span class='ocrx_word' id='word_1_42' title='bbox 2480 981 2580 1027; x_wconf 93' lang='lat' dir='ltr'>me</span> <span class='ocrx_word' id='word_1_43' title='bbox 2647 963 3175 1047; x_wconf 76' lang='lat' dir='ltr'>interrogationis</span> <span class='ocrx_word' id='word_1_44' title='bbox 3240 962 3491 1047; x_wconf 85' lang='lat' dir='ltr'>signum</span> <span class='ocrx_word' id='word_1_45' title='bbox 3559 983 3686 1028; x_wconf 92' lang='lat' dir='ltr'>non</span> <span class='ocrx_word' id='word_1_46' title='bbox 3752 970 3902 1048; x_wconf 88' lang='lat' dir='ltr'>post</span> <span class='ocrx_word' id='word_1_47' title='bbox 3937 985 4152 1048; x_wconf 80' lang='lat' dir='ltr'>pecus,</span> 
     </span>
    </p>
   </div>
   <div class='ocr_carea' id='block_1_3' title="bbox 472 1065 4156 1256">
    <p class='ocr_par' dir='ltr' id='par_1_3' title="bbox 472 1065 4156 1256">
     <span class='ocr_line' id='line_1_7' title="bbox 472 1065 4156 1155; baseline -0.001 -17"><span class='ocrx_word' id='word_1_48' title='bbox 472 1070 583 1138; x_wconf 88' lang='lat' dir='ltr'>sed</span> <span class='ocrx_word' id='word_1_49' title='bbox 627 1074 779 1155; x_wconf 91' lang='lat' dir='ltr'>post</span> <span class='ocrx_word' id='word_1_50' title='bbox 819 1069 973 1152; x_wconf 76' lang='lat' dir='ltr'>fecit</span> <span class='ocrx_word' id='word_1_51' title='bbox 1016 1067 1327 1152; x_wconf 79' lang='lat' dir='ltr'>posuisse,</span> <span class='ocrx_word' id='word_1_52' title='bbox 1389 1067 1657 1132; x_wconf 86' lang='lat' dir='ltr'>tertium</span> <span class='ocrx_word' id='word_1_53' title='bbox 1717 1065 2189 1132; x_wconf 87' lang='lat' dir='ltr'>emendandum</span> <span class='ocrx_word' id='word_1_54' title='bbox 2236 1067 2329 1131; x_wconf 89' lang='lat' dir='ltr'>ita</span> <span class='ocrx_word' id='word_1_55' title='bbox 2374 1085 2634 1148; x_wconf 87' lang='lat' dir='ltr'>qnoque</span> <span class='ocrx_word' id='word_1_56' title='bbox 2680 1066 3073 1144; x_wconf 82' lang='lat' dir='ltr'>existimare,</span> <span class='ocrx_word' id='word_1_57' title='bbox 3120 1072 3195 1130; x_wconf 88' lang='lat' dir='ltr'>ut</span> <span class='ocrx_word' id='word_1_58' title='bbox 3223 1086 3342 1149; x_wconf 88' lang='lat' dir='ltr'>pro</span> <span class='ocrx_word' id='word_1_59' title='bbox 3370 1085 3486 1131; x_wconf 76' lang='lat' dir='ltr'>nos</span> <span class='ocrx_word' id='word_1_60' title='bbox 3527 1067 3788 1149; x_wconf 79' lang='lat' dir='ltr'>inquam</span> <span class='ocrx_word' id='word_1_61' title='bbox 3827 1068 4156 1133; x_wconf 85' lang='lat' dir='ltr'>scribatur</span> 
     </span>
     <span class='ocr_line' id='line_1_8' title="bbox 472 1191 870 1256; baseline -0.018 -16"><span class='ocrx_word' id='word_1_62' title='bbox 472 1191 870 1256; x_wconf 67' lang='lat' dir='ltr'>nequaquam.</span> 
     </span>
    </p>
   </div>
   <div class='ocr_carea' id='block_1_4' title="bbox 472 1358 4214 2771">
    <p class='ocr_par' dir='ltr' id='par_1_4' title="bbox 478 1358 3764 1627">
     <span class='ocr_line' id='line_1_9' title="bbox 478 1358 3220 1462; baseline -0 -26"><span class='ocrx_word' id='word_1_63' title='bbox 478 1366 695 1448; x_wconf 65' lang='lat' dir='ltr'>Sat„</span> <span class='ocrx_word' id='word_1_64' title='bbox 751 1361 910 1446; x_wconf 77' lang='grc' dir='ltr'>ΙΙ.</span> <span class='ocrx_word' id='word_1_65' title='bbox 966 1359 1071 1457; x_wconf 75' lang='grc'>3,</span> <span class='ocrx_word' id='word_1_66' title='bbox 1124 1358 1234 1436; x_wconf 72' lang='grc'>211</span> <span class='ocrx_word' id='word_1_67' title='bbox 1286 1383 1451 1462; x_wconf 70' lang='lat' dir='ltr'>sqqz</span> <span class='ocrx_word' id='word_1_68' title='bbox 1585 1375 1765 1439; x_wconf 65' lang='lat' dir='ltr'>Aiax</span> <span class='ocrx_word' id='word_1_69' title='bbox 1809 1394 1948 1439; x_wconf 80' lang='lat' dir='ltr'>eum</span> <span class='ocrx_word' id='word_1_70' title='bbox 1995 1374 2320 1439; x_wconf 69' lang='lat' dir='ltr'>inmeritos</span> <span class='ocrx_word' id='word_1_71' title='bbox 2364 1374 2594 1439; x_wconf 70' lang='lat' dir='ltr'>oceidit</span> <span class='ocrx_word' id='word_1_72' title='bbox 2636 1375 2870 1455; x_wconf 74' lang='lat' dir='ltr'>desipit</span> <span class='ocrx_word' id='word_1_73' title='bbox 2916 1394 3150 1456; x_wconf 70' lang='lat' dir='ltr'>ayne-s.-</span> <span class='ocrx_word' id='word_1_74' title='bbox 3207 1420 3220 1435; x_wconf 87' lang='lat'>.</span> 
     </span>
     <span class='ocr_line' id='line_1_10' title="bbox 1598 1458 3304 1541; baseline -0.001 -18"><span class='ocrx_word' id='word_1_75' title='bbox 1598 1480 1737 1525; x_wconf 66' lang='lat' dir='ltr'>evam</span> <span class='ocrx_word' id='word_1_76' title='bbox 1769 1459 2058 1541; x_wconf 70' lang='lat' dir='ltr'>prudens</span> <span class='ocrx_word' id='word_1_77' title='bbox 2101 1458 2307 1523; x_wconf 78' lang='lat' dir='ltr'>scelus</span> <span class='ocrx_word' id='word_1_78' title='bbox 2351 1459 2425 1524; x_wconf 84' lang='lat' dir='ltr'>ob</span> <span class='ocrx_word' id='word_1_79' title='bbox 2471 1458 2686 1524; x_wconf 78' lang='lat' dir='ltr'>titulos</span> <span class='ocrx_word' id='word_1_80' title='bbox 2730 1460 3016 1524; x_wconf 74' lang='lat' dir='ltr'>admittis</span> <span class='ocrx_word' id='word_1_81' title='bbox 3058 1460 3304 1535; x_wconf 77' lang='lat' dir='ltr'>inanes,</span> 
     </span>
     <span class='ocr_line' id='line_1_11' title="bbox 1595 1543 3764 1627; baseline -0 -18"><span class='ocrx_word' id='word_1_82' title='bbox 1595 1552 1732 1611; x_wconf 86' lang='lat' dir='ltr'>stas</span> <span class='ocrx_word' id='word_1_83' title='bbox 1776 1546 2013 1623; x_wconf 78' lang='lat' dir='ltr'>animo,</span> <span class='ocrx_word' id='word_1_84' title='bbox 2058 1552 2114 1609; x_wconf 89' lang='lat' dir='ltr'>et</span> <span class='ocrx_word' id='word_1_85' title='bbox 2149 1565 2387 1627; x_wconf 66' lang='lat' dir='ltr'>morum</span> <span class='ocrx_word' id='word_1_86' title='bbox 2432 1552 2539 1623; x_wconf 84' lang='lat' dir='ltr'>est,</span> <span class='ocrx_word' id='word_1_87' title='bbox 2587 1545 2736 1610; x_wconf 72' lang='lat' dir='ltr'>vitio</span> <span class='ocrx_word' id='word_1_88' title='bbox 2781 1545 2897 1609; x_wconf 78' lang='lat' dir='ltr'>tibi</span> <span class='ocrx_word' id='word_1_89' title='bbox 2941 1566 3082 1608; x_wconf 75' lang='lat' dir='ltr'>eum</span> <span class='ocrx_word' id='word_1_90' title='bbox 3123 1543 3432 1609; x_wconf 80' lang='lat' dir='ltr'>tumidum</span> <span class='ocrx_word' id='word_1_91' title='bbox 3478 1551 3570 1609; x_wconf 88' lang='lat' dir='ltr'>est</span> <span class='ocrx_word' id='word_1_92' title='bbox 3614 1548 3764 1609; x_wconf 68' lang='lat' dir='ltr'>eor?</span> 
     </span>
    </p>

    <p class='ocr_par' dir='ltr' id='par_1_5' title="bbox 472 1662 4158 2461">
     <span class='ocr_line' id='line_1_12' title="bbox 647 1662 4151 1747; baseline -0.001 -16"><span class='ocrx_word' id='word_1_93' title='bbox 647 1665 828 1731; x_wconf 89' lang='lat' dir='ltr'>Haec</span> <span class='ocrx_word' id='word_1_94' title='bbox 870 1671 945 1730; x_wconf 91' lang='lat' dir='ltr'>ut</span> <span class='ocrx_word' id='word_1_95' title='bbox 988 1670 1161 1730; x_wconf 84' lang='lat' dir='ltr'>recte</span> <span class='ocrx_word' id='word_1_96' title='bbox 1207 1663 1690 1747; x_wconf 81' lang='lat' dir='ltr'>intellegantur,</span> <span class='ocrx_word' id='word_1_97' title='bbox 1734 1662 2121 1729; x_wconf 88' lang='lat' dir='ltr'>vocabulum</span> <span class='ocrx_word' id='word_1_98' title='bbox 2167 1662 2341 1745; x_wconf 89' lang='lat' dir='ltr'>quod</span> <span class='ocrx_word' id='word_1_99' title='bbox 2386 1668 2484 1727; x_wconf 89' lang='lat' dir='ltr'>est</span> <span class='ocrx_word' id='word_1_100' title='bbox 2529 1663 2764 1745; x_wconf 77' lang='lat' dir='ltr'>desipit</span> <span class='ocrx_word' id='word_1_101' title='bbox 2808 1664 2873 1727; x_wconf 89' lang='lat' dir='ltr'>in</span> <span class='ocrx_word' id='word_1_102' title='bbox 2929 1665 3115 1746; x_wconf 82' lang='lat' dir='ltr'>longe</span> <span class='ocrx_word' id='word_1_103' title='bbox 3158 1662 3361 1727; x_wconf 90' lang='lat' dir='ltr'>alium</span> <span class='ocrx_word' id='word_1_104' title='bbox 3408 1669 3605 1746; x_wconf 88' lang='lat' dir='ltr'>atque</span> <span class='ocrx_word' id='word_1_105' title='bbox 3651 1662 3733 1728; x_wconf 88' lang='lat' dir='ltr'>ab</span> <span class='ocrx_word' id='word_1_106' title='bbox 3778 1663 4151 1747; x_wconf 82' lang='lat' dir='ltr'>interpreti-</span> 
     </span>
     <span class='ocr_line' id='line_1_13' title="bbox 478 1764 4152 1851; baseline -0.001 -17"><span class='ocrx_word' id='word_1_107' title='bbox 478 1766 599 1833; x_wconf 89' lang='lat' dir='ltr'>bus</span> <span class='ocrx_word' id='word_1_108' title='bbox 642 1768 783 1834; x_wconf 87' lang='lat' dir='ltr'>fieri</span> <span class='ocrx_word' id='word_1_109' title='bbox 828 1766 1013 1845; x_wconf 86' lang='lat' dir='ltr'>solet,</span> <span class='ocrx_word' id='word_1_110' title='bbox 1081 1786 1342 1832; x_wconf 85' lang='lat' dir='ltr'>sensum</span> <span class='ocrx_word' id='word_1_111' title='bbox 1387 1765 1829 1848; x_wconf 89' lang='lat' dir='ltr'>accipiendum</span> <span class='ocrx_word' id='word_1_112' title='bbox 1875 1772 1990 1831; x_wconf 87' lang='lat' dir='ltr'>est.</span> <span class='ocrx_word' id='word_1_113' title='bbox 2079 1764 2390 1851; x_wconf 80' lang='lat' dir='ltr'>Opposita</span> <span class='ocrx_word' id='word_1_114' title='bbox 2456 1765 2625 1830; x_wconf 88' lang='lat' dir='ltr'>enim</span> <span class='ocrx_word' id='word_1_115' title='bbox 2668 1767 2839 1831; x_wconf 87' lang='lat' dir='ltr'>inter</span> <span class='ocrx_word' id='word_1_116' title='bbox 2881 1786 2950 1830; x_wconf 87' lang='lat' dir='ltr'>se</span> <span class='ocrx_word' id='word_1_117' title='bbox 2995 1774 3151 1831; x_wconf 88' lang='lat' dir='ltr'>sunt</span> <span class='ocrx_word' id='word_1_118' title='bbox 3191 1767 3476 1848; x_wconf 74' lang='lat' dir='ltr'>desipere</span> <span class='ocrx_word' id='word_1_119' title='bbox 3527 1773 3594 1830; x_wconf 91' lang='lat' dir='ltr'>et</span> <span class='ocrx_word' id='word_1_120' title='bbox 3635 1765 3967 1848; x_wconf 90' lang='lat' dir='ltr'>sequentis</span> <span class='ocrx_word' id='word_1_121' title='bbox 4013 1785 4152 1830; x_wconf 84' lang='lat' dir='ltr'>ver·</span> 
     </span>
     <span class='ocr_line' id='line_1_14' title="bbox 479 1867 4154 1953; baseline -0.001 -17"><span class='ocrx_word' id='word_1_122' title='bbox 479 1893 589 1937; x_wconf 87' lang='lat' dir='ltr'>sus</span> <span class='ocrx_word' id='word_1_123' title='bbox 632 1869 790 1935; x_wconf 91' lang='lat' dir='ltr'>illud</span> <span class='ocrx_word' id='word_1_124' title='bbox 826 1870 1208 1953; x_wconf 76' lang='lat' dir='ltr'>prudentem</span> <span class='ocrx_word' id='word_1_125' title='bbox 1252 1888 1404 1948; x_wconf 80' lang='lat' dir='ltr'>esse,</span> <span class='ocrx_word' id='word_1_126' title='bbox 1452 1889 1571 1933; x_wconf 88' lang='lat' dir='ltr'>nec</span> <span class='ocrx_word' id='word_1_127' title='bbox 1614 1869 1821 1952; x_wconf 82' lang='lat' dir='ltr'>magis</span> <span class='ocrx_word' id='word_1_128' title='bbox 1850 1868 2015 1933; x_wconf 85' lang='lat' dir='ltr'>illud</span> <span class='ocrx_word' id='word_1_129' title='bbox 2045 1869 2340 1933; x_wconf 88' lang='lat' dir='ltr'>insanam</span> <span class='ocrx_word' id='word_1_130' title='bbox 2380 1876 2661 1934; x_wconf 84' lang='lat' dir='ltr'>mentem</span> <span class='ocrx_word' id='word_1_131' title='bbox 2707 1869 2925 1953; x_wconf 76' lang='lat' dir='ltr'>arguit</span> <span class='ocrx_word' id='word_1_132' title='bbox 2968 1888 3164 1951; x_wconf 88' lang='lat' dir='ltr'>quam</span> <span class='ocrx_word' id='word_1_133' title='bbox 3210 1868 3333 1933; x_wconf 88' lang='lat' dir='ltr'>hoc</span> <span class='ocrx_word' id='word_1_134' title='bbox 3377 1867 3625 1934; x_wconf 88' lang='lat' dir='ltr'>indicat</span> <span class='ocrx_word' id='word_1_135' title='bbox 3668 1888 3909 1934; x_wconf 86' lang='lat' dir='ltr'>sanam.</span> <span class='ocrx_word' id='word_1_136' title='bbox 4001 1868 4154 1933; x_wconf 86' lang='lat' dir='ltr'>Vult</span> 
     </span>
     <span class='ocr_line' id='line_1_15' title="bbox 479 1969 4151 2056; baseline -0.001 -18"><span class='ocrx_word' id='word_1_137' title='bbox 479 1972 646 2038; x_wconf 89' lang='lat' dir='ltr'>enim</span> <span class='ocrx_word' id='word_1_138' title='bbox 691 1971 1067 2055; x_wconf 77' lang='lat' dir='ltr'>Damasippi</span> <span class='ocrx_word' id='word_1_139' title='bbox 1113 1970 1303 2036; x_wconf 88' lang='lat' dir='ltr'>miles</span> <span class='ocrx_word' id='word_1_140' title='bbox 1333 1970 1489 2037; x_wconf 86' lang='lat' dir='ltr'>hoc:</span> <span class='ocrx_word' id='word_1_141' title='bbox 1537 1969 1826 2049; x_wconf 87' lang='lat' dir='ltr'>„scilicet</span> <span class='ocrx_word' id='word_1_142' title='bbox 1869 1970 2203 2036; x_wconf 84' lang='lat' dir='ltr'>inmeritos</span> <span class='ocrx_word' id='word_1_143' title='bbox 2247 1970 2484 2036; x_wconf 90' lang='lat' dir='ltr'>occidit</span> <span class='ocrx_word' id='word_1_144' title='bbox 2527 1972 2690 2037; x_wconf 83' lang='lat' dir='ltr'>Aiax</span> <span class='ocrx_word' id='word_1_145' title='bbox 2745 1992 2976 2055; x_wconf 83' lang='lat' dir='ltr'>agnos:</span> <span class='ocrx_word' id='word_1_146' title='bbox 3024 1977 3094 2035; x_wconf 87' lang='lat' dir='ltr'>at</span> <span class='ocrx_word' id='word_1_147' title='bbox 3137 1976 3277 2036; x_wconf 88' lang='lat' dir='ltr'>tum</span> <span class='ocrx_word' id='word_1_148' title='bbox 3323 1970 3701 2056; x_wconf 81' lang='lat' dir='ltr'>desipiebat,</span> <span class='ocrx_word' id='word_1_149' title='bbox 3748 1989 3940 2053; x_wconf 80' lang='lat' dir='ltr'>quein</span> <span class='ocrx_word' id='word_1_150' title='bbox 3987 1970 4151 2037; x_wconf 88' lang='lat' dir='ltr'>occi-</span> 
     </span>
     <span class='ocr_line' id='line_1_16' title="bbox 477 2072 4153 2156; baseline 0 -17"><span class='ocrx_word' id='word_1_151' title='bbox 477 2073 661 2139; x_wconf 88' lang='lat' dir='ltr'>deret</span> <span class='ocrx_word' id='word_1_152' title='bbox 704 2072 1055 2147; x_wconf 73' lang='lat' dir='ltr'>nesciebat,</span> <span class='ocrx_word' id='word_1_153' title='bbox 1099 2092 1227 2136; x_wconf 87' lang='lat' dir='ltr'>non</span> <span class='ocrx_word' id='word_1_154' title='bbox 1274 2092 1537 2155; x_wconf 85' lang='lat' dir='ltr'>compos</span> <span class='ocrx_word' id='word_1_155' title='bbox 1582 2078 1727 2137; x_wconf 89' lang='lat' dir='ltr'>erat</span> <span class='ocrx_word' id='word_1_156' title='bbox 1769 2073 2003 2137; x_wconf 88' lang='lat' dir='ltr'>animi:</span> <span class='ocrx_word' id='word_1_157' title='bbox 2065 2078 2139 2137; x_wconf 93' lang='grc' dir='ltr'>ιιι</span> <span class='ocrx_word' id='word_1_158' title='bbox 2183 2073 2549 2139; x_wconf 79' lang='lat' dir='ltr'>inmeritam</span> <span class='ocrx_word' id='word_1_159' title='bbox 2594 2079 2776 2138; x_wconf 84' lang='lat' dir='ltr'>tuam</span> <span class='ocrx_word' id='word_1_160' title='bbox 2821 2073 3022 2138; x_wconf 87' lang='lat' dir='ltr'>filiam</span> <span class='ocrx_word' id='word_1_161' title='bbox 3068 2093 3208 2140; x_wconf 88' lang='lat' dir='ltr'>esse</span> <span class='ocrx_word' id='word_1_162' title='bbox 3251 2092 3396 2138; x_wconf 87' lang='lat' dir='ltr'>eam</span> <span class='ocrx_word' id='word_1_163' title='bbox 3462 2093 3661 2156; x_wconf 88' lang='lat' dir='ltr'>quam</span> <span class='ocrx_word' id='word_1_164' title='bbox 3704 2073 3922 2139; x_wconf 87' lang='lat' dir='ltr'>necari</span> <span class='ocrx_word' id='word_1_165' title='bbox 3967 2072 4153 2139; x_wconf 87' lang='lat' dir='ltr'>iube·</span> 
     </span>
     <span class='ocr_line' id='line_1_17' title="bbox 475 2172 4158 2261; baseline 0.001 -20"><span class='ocrx_word' id='word_1_166' title='bbox 475 2176 613 2251; x_wconf 88' lang='lat' dir='ltr'>bas,</span> <span class='ocrx_word' id='word_1_167' title='bbox 643 2175 810 2239; x_wconf 91' lang='lat' dir='ltr'>bene</span> <span class='ocrx_word' id='word_1_168' title='bbox 838 2179 1246 2257; x_wconf 88' lang='lat' dir='ltr'>perspectum</span> <span class='ocrx_word' id='word_1_169' title='bbox 1278 2172 1584 2239; x_wconf 84' lang='lat' dir='ltr'>habebas.</span> <span class='ocrx_word' id='word_1_170' title='bbox 1633 2173 1861 2257; x_wconf 89' lang='lat' dir='ltr'>Itaque</span> <span class='ocrx_word' id='word_1_171' title='bbox 1893 2194 2037 2239; x_wconf 87' lang='lat' dir='ltr'>cum</span> <span class='ocrx_word' id='word_1_172' title='bbox 2068 2181 2345 2257; x_wconf 88' lang='lat' dir='ltr'>uterque</span> <span class='ocrx_word' id='word_1_173' title='bbox 2374 2183 2662 2241; x_wconf 85' lang='lat' dir='ltr'>vestrum</span> <span class='ocrx_word' id='word_1_174' title='bbox 2692 2177 2864 2260; x_wconf 90' lang='lat' dir='ltr'>quod</span> <span class='ocrx_word' id='word_1_175' title='bbox 2896 2176 3187 2242; x_wconf 85' lang='lat' dir='ltr'>insaniae</span> <span class='ocrx_word' id='word_1_176' title='bbox 3217 2176 3494 2261; x_wconf 90' lang='lat' dir='ltr'>speciem</span> <span class='ocrx_word' id='word_1_177' title='bbox 3537 2194 3694 2261; x_wconf 87' lang='lat' dir='ltr'>prae</span> <span class='ocrx_word' id='word_1_178' title='bbox 3727 2194 3797 2240; x_wconf 90' lang='lat' dir='ltr'>se</span> <span class='ocrx_word' id='word_1_179' title='bbox 3826 2174 3956 2241; x_wconf 83' lang='lat' dir='ltr'>fert</span> <span class='ocrx_word' id='word_1_180' title='bbox 3985 2174 4158 2243; x_wconf 61' lang='lat' dir='ltr'>feoet</span> 
     </span>
     <span class='ocr_line' id='line_1_18' title="bbox 472 2275 4147 2362; baseline 0 -21"><span class='ocrx_word' id='word_1_181' title='bbox 472 2276 579 2354; x_wconf 88' lang='lat' dir='ltr'>rit,</span> <span class='ocrx_word' id='word_1_182' title='bbox 625 2280 699 2339; x_wconf 88' lang='lat' dir='ltr'>tu</span> <span class='ocrx_word' id='word_1_183' title='bbox 743 2275 1037 2341; x_wconf 89' lang='lat' dir='ltr'>insaniae</span> <span class='ocrx_word' id='word_1_184' title='bbox 1081 2297 1149 2342; x_wconf 87' lang='lat' dir='ltr'>es</span> <span class='ocrx_word' id='word_1_185' title='bbox 1193 2275 1616 2356; x_wconf 88' lang='lat' dir='ltr'>damnandus,</span> <span class='ocrx_word' id='word_1_186' title='bbox 1662 2277 1903 2362; x_wconf 89' lang='lat' dir='ltr'>quippe</span> <span class='ocrx_word' id='word_1_187' title='bbox 1946 2278 2058 2360; x_wconf 88' lang='lat' dir='ltr'>qui</span> <span class='ocrx_word' id='word_1_188' title='bbox 2107 2278 2389 2360; x_wconf 82' lang='lat' dir='ltr'>prudens</span> <span class='ocrx_word' id='word_1_189' title='bbox 2439 2278 2680 2359; x_wconf 82' lang='lat' dir='ltr'>feceris,</span> <span class='ocrx_word' id='word_1_190' title='bbox 2727 2278 2840 2343; x_wconf 90' lang='lat' dir='ltr'>ille</span> <span class='ocrx_word' id='word_1_191' title='bbox 2883 2278 3331 2357; x_wconf 79' lang='lat' dir='ltr'>absolvendus,</span> <span class='ocrx_word' id='word_1_192' title='bbox 3390 2278 3708 2361; x_wconf 88' lang='lat' dir='ltr'>siquidem</span> <span class='ocrx_word' id='word_1_193' title='bbox 3753 2275 3926 2360; x_wconf 85' lang='lat' dir='ltr'>quod</span> <span class='ocrx_word' id='word_1_194' title='bbox 3973 2276 4147 2353; x_wconf 82' lang='lat' dir='ltr'>fecit,</span> 
     </span>
     <span class='ocr_line' id='line_1_19' title="bbox 481 2377 1321 2461; baseline -0.001 -19"><span class='ocrx_word' id='word_1_195' title='bbox 481 2378 538 2442; x_wconf 91' lang='lat' dir='ltr'>ei</span> <span class='ocrx_word' id='word_1_196' title='bbox 585 2377 871 2460; x_wconf 85' lang='lat' dir='ltr'>inputari</span> <span class='ocrx_word' id='word_1_197' title='bbox 917 2398 1043 2442; x_wconf 92' lang='lat' dir='ltr'>non</span> <span class='ocrx_word' id='word_1_198' title='bbox 1087 2384 1321 2461; x_wconf 82' lang='lat' dir='ltr'>potest.</span> 
     </span>
    </p>

    <p class='ocr_par' dir='ltr' id='par_1_6' title="bbox 475 2479 4214 2771">
     <span class='ocr_line' id='line_1_20' title="bbox 646 2479 4214 2568; baseline 0.001 -25"><span class='ocrx_word' id='word_1_199' title='bbox 646 2479 769 2545; x_wconf 90' lang='lat' dir='ltr'>Illa</span> <span class='ocrx_word' id='word_1_200' title='bbox 810 2487 947 2546; x_wconf 81' lang='lat' dir='ltr'>stas</span> <span class='ocrx_word' id='word_1_201' title='bbox 990 2481 1222 2557; x_wconf 76' lang='lat' dir='ltr'>animo,</span> <span class='ocrx_word' id='word_1_202' title='bbox 1291 2487 1347 2545; x_wconf 90' lang='lat' dir='ltr'>et</span> <span class='ocrx_word' id='word_1_203' title='bbox 1380 2501 1619 2563; x_wconf 75' lang='lat' dir='ltr'>pur-mn</span> <span class='ocrx_word' id='word_1_204' title='bbox 1665 2490 1771 2560; x_wconf 71' lang='lat' dir='ltr'>est,</span> <span class='ocrx_word' id='word_1_205' title='bbox 1838 2484 1988 2548; x_wconf 74' lang='lat' dir='ltr'>vitio</span> <span class='ocrx_word' id='word_1_206' title='bbox 2035 2483 2151 2547; x_wconf 80' lang='lat' dir='ltr'>tib-i</span> <span class='ocrx_word' id='word_1_207' title='bbox 2197 2504 2335 2548; x_wconf 78' lang='lat' dir='ltr'>eum</span> <span class='ocrx_word' id='word_1_208' title='bbox 2380 2486 2686 2549; x_wconf 71' lang='lat' dir='ltr'>tmnldmn</span> <span class='ocrx_word' id='word_1_209' title='bbox 2750 2492 2840 2549; x_wconf 80' lang='lat' dir='ltr'>est</span> <span class='ocrx_word' id='word_1_210' title='bbox 2899 2506 3005 2549; x_wconf 78' lang='lat' dir='ltr'>eor</span> <span class='ocrx_word' id='word_1_211' title='bbox 3063 2486 3176 2566; x_wconf 89' lang='lat' dir='ltr'>qui</span> <span class='ocrx_word' id='word_1_212' title='bbox 3234 2490 3382 2567; x_wconf 91' lang='lat' dir='ltr'>post</span> <span class='ocrx_word' id='word_1_213' title='bbox 3449 2491 3560 2562; x_wconf 82' lang='lat' dir='ltr'>est,</span> <span class='ocrx_word' id='word_1_214' title='bbox 3642 2504 3768 2549; x_wconf 88' lang='lat' dir='ltr'>non</span> <span class='ocrx_word' id='word_1_215' title='bbox 3828 2489 3976 2568; x_wconf 88' lang='lat' dir='ltr'>post</span> <span class='ocrx_word' id='word_1_216' title='bbox 4030 2483 4150 2547; x_wconf 81' lang='lat' dir='ltr'>tibi</span> <span class='ocrx_word' id='word_1_217' title='bbox 4209 2532 4214 2537; x_wconf 81' lang='lat'>-</span> 
     </span>
     <span class='ocr_line' id='line_1_21' title="bbox 475 2582 4148 2671; baseline -0 -23"><span class='ocrx_word' id='word_1_218' title='bbox 475 2583 776 2648; x_wconf 83' lang='lat' dir='ltr'>distinxit</span> <span class='ocrx_word' id='word_1_219' title='bbox 818 2582 1187 2648; x_wconf 90' lang='lat' dir='ltr'>Bentleium</span> <span class='ocrx_word' id='word_1_220' title='bbox 1234 2584 1621 2666; x_wconf 84' lang='lat' dir='ltr'>interpretes</span> <span class='ocrx_word' id='word_1_221' title='bbox 1664 2592 1783 2649; x_wconf 89' lang='lat' dir='ltr'>aut</span> <span class='ocrx_word' id='word_1_222' title='bbox 1824 2585 2025 2668; x_wconf 87' lang='lat' dir='ltr'>sequi,</span> <span class='ocrx_word' id='word_1_223' title='bbox 2090 2594 2223 2661; x_wconf 85' lang='lat' dir='ltr'>ant,</span> <span class='ocrx_word' id='word_1_224' title='bbox 2276 2585 2344 2652; x_wconf 91' lang='lat' dir='ltr'>id</span> <span class='ocrx_word' id='word_1_225' title='bbox 2387 2587 2564 2670; x_wconf 89' lang='lat' dir='ltr'>quod</span> <span class='ocrx_word' id='word_1_226' title='bbox 2608 2606 2834 2670; x_wconf 78' lang='lat' dir='ltr'>vereor</span> <span class='ocrx_word' id='word_1_227' title='bbox 2879 2607 2958 2651; x_wconf 89' lang='lat' dir='ltr'>ne</span> <span class='ocrx_word' id='word_1_228' title='bbox 3002 2584 3384 2671; x_wconf 83' lang='lat' dir='ltr'>perdifficile</span> <span class='ocrx_word' id='word_1_229' title='bbox 3447 2587 3553 2655; x_wconf 70' lang='lat' dir='ltr'>sit</span> <span class='ocrx_word' id='word_1_230' title='bbox 3621 2607 3810 2651; x_wconf 90' lang='lat' dir='ltr'>usum</span> <span class='ocrx_word' id='word_1_231' title='bbox 3855 2584 4148 2651; x_wconf 77' lang='lat' dir='ltr'>vocabuli</span> 
     </span>
     <span class='ocr_line' id='line_1_22' title="bbox 476 2685 3360 2771; baseline 0.001 -21"><span class='ocrx_word' id='word_1_232' title='bbox 476 2686 649 2767; x_wconf 84' lang='lat' dir='ltr'>quod</span> <span class='ocrx_word' id='word_1_233' title='bbox 695 2690 796 2749; x_wconf 87' lang='lat' dir='ltr'>est</span> <span class='ocrx_word' id='word_1_234' title='bbox 828 2706 1040 2768; x_wconf 77' lang='lat' dir='ltr'>parus</span> <span class='ocrx_word' id='word_1_235' title='bbox 1083 2706 1229 2750; x_wconf 90' lang='lat' dir='ltr'>cum</span> <span class='ocrx_word' id='word_1_236' title='bbox 1275 2685 1562 2751; x_wconf 88' lang='lat' dir='ltr'>ablativo</span> <span class='ocrx_word' id='word_1_237' title='bbox 1608 2687 1929 2752; x_wconf 88' lang='lat' dir='ltr'>coniuncti</span> <span class='ocrx_word' id='word_1_238' title='bbox 1975 2689 2288 2771; x_wconf 80' lang='lat' dir='ltr'>exemplis</span> <span class='ocrx_word' id='word_1_239' title='bbox 2331 2689 2575 2755; x_wconf 84' lang='lat' dir='ltr'>adlatis</span> <span class='ocrx_word' id='word_1_240' title='bbox 2617 2688 2972 2757; x_wconf 81' lang='lat' dir='ltr'>defendere</span> <span class='ocrx_word' id='word_1_241' title='bbox 3016 2688 3360 2754; x_wconf 86' lang='lat' dir='ltr'>debebant.</span> 
     </span>
    </p>
   </div>
   <div class='ocr_carea' id='block_1_5' title="bbox 474 2857 4153 3371">
    <p class='ocr_par' dir='ltr' id='par_1_7' title="bbox 474 2857 4153 3371">
     <span class='ocr_line' id='line_1_23' title="bbox 478 2857 3349 2961; baseline 0 -19"><span class='ocrx_word' id='word_1_242' title='bbox 478 2859 693 2943; x_wconf 62' lang='lat' dir='ltr'>Sat·</span> <span class='ocrx_word' id='word_1_243' title='bbox 748 2857 909 2941; x_wconf 78' lang='lat'>11·</span> <span class='ocrx_word' id='word_1_244' title='bbox 965 2859 1085 2955; x_wconf 68' lang='grc'>4,·</span> <span class='ocrx_word' id='word_1_245' title='bbox 1126 2858 1220 2935; x_wconf 68' lang='lat'>⁹0</span> <span class='ocrx_word' id='word_1_246' title='bbox 1272 2881 1436 2957; x_wconf 59' lang='lat' dir='ltr'>sqq&amp;</span> <span class='ocrx_word' id='word_1_247' title='bbox 1502 2894 1649 2938; x_wconf 79' lang='lat' dir='ltr'>nam</span> <span class='ocrx_word' id='word_1_248' title='bbox 1694 2878 1984 2956; x_wconf 72' lang='lat' dir='ltr'>quamvls</span> <span class='ocrx_word' id='word_1_249' title='bbox 2027 2878 2284 2942; x_wconf 72' lang='lat' dir='ltr'>memori</span> <span class='ocrx_word' id='word_1_250' title='bbox 2329 2880 2573 2961; x_wconf 80' lang='lat' dir='ltr'>referas</span> <span class='ocrx_word' id='word_1_251' title='bbox 2617 2879 2776 2943; x_wconf 68' lang='lat' dir='ltr'>milei</span> <span class='ocrx_word' id='word_1_252' title='bbox 2809 2887 3064 2958; x_wconf 78' lang='lat' dir='ltr'>pectore</span> <span class='ocrx_word' id='word_1_253' title='bbox 3108 2886 3349 2955; x_wconf 64' lang='lat' dir='ltr'>cuneta,</span> 
     </span>
     <span class='ocr_line' id='line_1_24' title="bbox 1494 2963 2939 3043; baseline 0.003 -20"><span class='ocrx_word' id='word_1_254' title='bbox 1494 2981 1617 3025; x_wconf 79' lang='lat' dir='ltr'>non</span> <span class='ocrx_word' id='word_1_255' title='bbox 1662 2967 1869 3025; x_wconf 80' lang='lat' dir='ltr'>tamen</span> <span class='ocrx_word' id='word_1_256' title='bbox 1916 2963 2226 3043; x_wconf 69' lang='lat' dir='ltr'>interpres</span> <span class='ocrx_word' id='word_1_257' title='bbox 2271 2965 2638 3028; x_wconf 71' lang='lat' dir='ltr'>tantundem</span> <span class='ocrx_word' id='word_1_258' title='bbox 2684 2964 2939 3029; x_wconf 75' lang='lat' dir='ltr'>iuveris.</span> 
     </span>
     <span class='ocr_line' id='line_1_25' title="bbox 647 3074 4153 3165; baseline -0 -22"><span class='ocrx_word' id='word_1_259' title='bbox 647 3074 910 3161; x_wconf 89' lang='lat' dir='ltr'>Optimo</span> <span class='ocrx_word' id='word_1_260' title='bbox 954 3077 1097 3142; x_wconf 89' lang='lat' dir='ltr'>iure</span> <span class='ocrx_word' id='word_1_261' title='bbox 1144 3077 1534 3143; x_wconf 86' lang='lat' dir='ltr'>Doderlinus</span> <span class='ocrx_word' id='word_1_262' title='bbox 1581 3078 1895 3145; x_wconf 86' lang='lat' dir='ltr'>Orellium</span> <span class='ocrx_word' id='word_1_263' title='bbox 1950 3081 2317 3146; x_wconf 77' lang='lat' dir='ltr'>tantundem</span> <span class='ocrx_word' id='word_1_264' title='bbox 2384 3080 2598 3146; x_wconf 86' lang='lat' dir='ltr'>verbis</span> <span class='ocrx_word' id='word_1_265' title='bbox 2666 3103 2835 3165; x_wconf 87' lang='lat' dir='ltr'>quae</span> <span class='ocrx_word' id='word_1_266' title='bbox 2879 3090 3035 3147; x_wconf 85' lang='lat' dir='ltr'>sunt</span> <span class='ocrx_word' id='word_1_267' title='bbox 3096 3086 3446 3165; x_wconf 81' lang='lat' dir='ltr'>„quantum</span> <span class='ocrx_word' id='word_1_268' title='bbox 3514 3086 3898 3163; x_wconf 86' lang='lat' dir='ltr'>praeceptor</span> <span class='ocrx_word' id='word_1_269' title='bbox 3963 3085 4153 3144; x_wconf 78' lang='lat' dir='ltr'>tuus“</span> 
     </span>
     <span class='ocr_line' id='line_1_26' title="bbox 474 3180 4147 3267; baseline 0 -23"><span class='ocrx_word' id='word_1_270' title='bbox 474 3180 973 3263; x_wconf 86' lang='lat' dir='ltr'>interpretatum</span> <span class='ocrx_word' id='word_1_271' title='bbox 1031 3180 1294 3246; x_wconf 82' lang='lat' dir='ltr'>refellit.</span> <span class='ocrx_word' id='word_1_272' title='bbox 1384 3181 1559 3247; x_wconf 89' lang='lat' dir='ltr'>Idem</span> <span class='ocrx_word' id='word_1_273' title='bbox 1625 3181 2022 3248; x_wconf 85' lang='lat' dir='ltr'>substituens</span> <span class='ocrx_word' id='word_1_274' title='bbox 2073 3182 2271 3248; x_wconf 85' lang='lat' dir='ltr'>illud:</span> <span class='ocrx_word' id='word_1_275' title='bbox 2340 3193 2697 3266; x_wconf 79' lang='lat' dir='ltr'>„quantum</span> <span class='ocrx_word' id='word_1_276' title='bbox 2765 3186 2816 3249; x_wconf 86' lang='lat' dir='ltr'>si</span> <span class='ocrx_word' id='word_1_277' title='bbox 2863 3186 2946 3249; x_wconf 87' lang='lat' dir='ltr'>ad</span> <span class='ocrx_word' id='word_1_278' title='bbox 3012 3187 3224 3267; x_wconf 84' lang='lat' dir='ltr'>ipsum</span> <span class='ocrx_word' id='word_1_279' title='bbox 3292 3182 3612 3261; x_wconf 85' lang='lat' dir='ltr'>duxeris“‚</span> <span class='ocrx_word' id='word_1_280' title='bbox 3679 3203 3758 3245; x_wconf 91' lang='lat' dir='ltr'>ne</span> <span class='ocrx_word' id='word_1_281' title='bbox 3826 3184 3961 3267; x_wconf 90' lang='lat' dir='ltr'>ipse</span> <span class='ocrx_word' id='word_1_282' title='bbox 4006 3182 4147 3265; x_wconf 90' lang='lat' dir='ltr'>qui·</span> 
     </span>
     <span class='ocr_line' id='line_1_27' title="bbox 481 3281 2526 3371; baseline 0.002 -24"><span class='ocrx_word' id='word_1_283' title='bbox 481 3281 626 3347; x_wconf 88' lang='lat' dir='ltr'>dem</span> <span class='ocrx_word' id='word_1_284' title='bbox 672 3301 893 3348; x_wconf 87' lang='lat' dir='ltr'>verum</span> <span class='ocrx_word' id='word_1_285' title='bbox 942 3284 1124 3361; x_wconf 87' lang='lat' dir='ltr'>vidit,</span> <span class='ocrx_word' id='word_1_286' title='bbox 1169 3283 1345 3371; x_wconf 86' lang='lat' dir='ltr'>quod</span> <span class='ocrx_word' id='word_1_287' title='bbox 1391 3283 1515 3349; x_wconf 88' lang='lat' dir='ltr'>hoc</span> <span class='ocrx_word' id='word_1_288' title='bbox 1558 3292 1685 3350; x_wconf 87' lang='lat' dir='ltr'>est:</span> <span class='ocrx_word' id='word_1_289' title='bbox 1734 3290 2083 3367; x_wconf 82' lang='lat' dir='ltr'>„quantum</span> <span class='ocrx_word' id='word_1_290' title='bbox 2129 3285 2526 3352; x_wconf 84' lang='lat' dir='ltr'>referendo.·‘</span> 
     </span>
    </p>
   </div>
   <div class='ocr_carea' id='block_1_6' title="bbox 481 3454 4154 4155">
    <p class='ocr_par' dir='ltr' id='par_1_8' title="bbox 481 3454 3298 3728">
     <span class='ocr_line' id='line_1_28' title="bbox 481 3454 3298 3559; baseline 0 -20"><span class='ocrx_word' id='word_1_291' title='bbox 481 3455 699 3539; x_wconf 66' lang='lat' dir='ltr'>sat·</span> <span class='ocrx_word' id='word_1_292' title='bbox 755 3454 914 3537; x_wconf 79' lang='lat'>11·</span> <span class='ocrx_word' id='word_1_293' title='bbox 967 3455 1066 3551; x_wconf 75' lang='grc'>5,</span> <span class='ocrx_word' id='word_1_294' title='bbox 1118 3455 1217 3534; x_wconf 64' lang='grc' dir='ltr'>’θ</span> <span class='ocrx_word' id='word_1_295' title='bbox 1269 3480 1435 3559; x_wconf 65' lang='lat' dir='ltr'>quss</span> <span class='ocrx_word' id='word_1_296' title='bbox 1607 3474 1932 3555; x_wconf 74' lang='lat' dir='ltr'>difficilem</span> <span class='ocrx_word' id='word_1_297' title='bbox 1977 3480 2033 3538; x_wconf 74' lang='lat' dir='ltr'>et</span> <span class='ocrx_word' id='word_1_298' title='bbox 2076 3494 2390 3541; x_wconf 78' lang='lat' dir='ltr'>morosam</span> <span class='ocrx_word' id='word_1_299' title='bbox 2435 3475 2710 3556; x_wconf 81' lang='lat' dir='ltr'>offendes</span> <span class='ocrx_word' id='word_1_300' title='bbox 2749 3476 3054 3558; x_wconf 66' lang='lat' dir='ltr'>garrulas</span> <span class='ocrx_word' id='word_1_301' title='bbox 3097 3476 3298 3541; x_wconf 78' lang='lat' dir='ltr'>altro:</span> 
     </span>
     <span class='ocr_line' id='line_1_29' title="bbox 1605 3558 3237 3642; baseline 0.001 -19"><span class='ocrx_word' id='word_1_302' title='bbox 1605 3579 1727 3623; x_wconf 80' lang='lat' dir='ltr'>non</span> <span class='ocrx_word' id='word_1_303' title='bbox 1773 3561 1963 3623; x_wconf 84' lang='lat' dir='ltr'>etiam</span> <span class='ocrx_word' id='word_1_304' title='bbox 2007 3560 2223 3624; x_wconf 79' lang='lat' dir='ltr'>sileas,</span> <span class='ocrx_word' id='word_1_305' title='bbox 2316 3558 2543 3623; x_wconf 74' lang='lat' dir='ltr'>Davus</span> <span class='ocrx_word' id='word_1_306' title='bbox 2587 3563 2681 3624; x_wconf 82' lang='lat' dir='ltr'>sis</span> <span class='ocrx_word' id='word_1_307' title='bbox 2725 3564 3000 3625; x_wconf 80' lang='lat' dir='ltr'>comicus</span> <span class='ocrx_word' id='word_1_308' title='bbox 3051 3568 3237 3642; x_wconf 75' lang='lat' dir='ltr'>atque</span> 
     </span>
     <span class='ocr_line' id='line_1_30' title="bbox 1600 3645 3233 3728; baseline 0.002 -21"><span class='ocrx_word' id='word_1_309' title='bbox 1600 3651 1727 3708; x_wconf 85' lang='lat' dir='ltr'>stes</span> <span class='ocrx_word' id='word_1_310' title='bbox 1771 3646 1976 3727; x_wconf 72' lang='lat' dir='ltr'>eapite</span> <span class='ocrx_word' id='word_1_311' title='bbox 2021 3645 2278 3728; x_wconf 73' lang='lat' dir='ltr'>obstipo,</span> <span class='ocrx_word' id='word_1_312' title='bbox 2324 3646 2587 3711; x_wconf 66' lang='lat' dir='ltr'>”tultum</span> <span class='ocrx_word' id='word_1_313' title='bbox 2630 3646 2870 3711; x_wconf 74' lang='lat' dir='ltr'>simile’s</span> <span class='ocrx_word' id='word_1_314' title='bbox 2921 3649 3233 3712; x_wconf 73' lang='lat' dir='ltr'>veetueuti.</span> 
     </span>
    </p>

    <p class='ocr_par' dir='ltr' id='par_1_9' title="bbox 484 3757 4154 4155">
     <span class='ocr_line' id='line_1_31' title="bbox 654 3757 4152 3847; baseline 0.001 -25"><span class='ocrx_word' id='word_1_315' title='bbox 654 3757 727 3822; x_wconf 88' lang='lat' dir='ltr'>In</span> <span class='ocrx_word' id='word_1_316' title='bbox 773 3758 875 3823; x_wconf 90' lang='lat' dir='ltr'>his</span> <span class='ocrx_word' id='word_1_317' title='bbox 920 3757 1320 3841; x_wconf 81' lang='lat' dir='ltr'>explicandis</span> <span class='ocrx_word' id='word_1_318' title='bbox 1366 3760 1777 3841; x_wconf 87' lang='lat' dir='ltr'>Doderlinus,</span> <span class='ocrx_word' id='word_1_319' title='bbox 1845 3784 2238 3845; x_wconf 85' lang='lat' dir='ltr'>quamquam</span> <span class='ocrx_word' id='word_1_320' title='bbox 2283 3765 2413 3829; x_wconf 89' lang='lat' dir='ltr'>vim</span> <span class='ocrx_word' id='word_1_321' title='bbox 2461 3765 2759 3830; x_wconf 84' lang='lat' dir='ltr'>vocabuli</span> <span class='ocrx_word' id='word_1_322' title='bbox 2821 3766 2992 3847; x_wconf 86' lang='lat' dir='ltr'>quod</span> <span class='ocrx_word' id='word_1_323' title='bbox 3042 3772 3140 3830; x_wconf 88' lang='lat' dir='ltr'>est</span> <span class='ocrx_word' id='word_1_324' title='bbox 3183 3765 3346 3830; x_wconf 76' lang='lat' dir='ltr'>altro</span> <span class='ocrx_word' id='word_1_325' title='bbox 3390 3763 3723 3829; x_wconf 89' lang='lat' dir='ltr'>verissime</span> <span class='ocrx_word' id='word_1_326' title='bbox 3780 3760 4152 3837; x_wconf 81' lang='lat' dir='ltr'>declaravit,</span> 
     </span>
     <span class='ocr_line' id='line_1_32' title="bbox 484 3858 4154 3950; baseline 0.001 -27"><span class='ocrx_word' id='word_1_327' title='bbox 484 3858 643 3925; x_wconf 90' lang='lat' dir='ltr'>mihi</span> <span class='ocrx_word' id='word_1_328' title='bbox 689 3880 815 3925; x_wconf 88' lang='lat' dir='ltr'>nou</span> <span class='ocrx_word' id='word_1_329' title='bbox 863 3859 1056 3943; x_wconf 89' lang='lat' dir='ltr'>plane</span> <span class='ocrx_word' id='word_1_330' title='bbox 1100 3859 1436 3926; x_wconf 86' lang='lat' dir='ltr'>satisfecit.</span> <span class='ocrx_word' id='word_1_331' title='bbox 1523 3862 1747 3928; x_wconf 88' lang='lat' dir='ltr'>Monet</span> <span class='ocrx_word' id='word_1_332' title='bbox 1811 3865 1977 3929; x_wconf 86' lang='lat' dir='ltr'>enim</span> <span class='ocrx_word' id='word_1_333' title='bbox 2047 3872 2221 3931; x_wconf 87' lang='lat' dir='ltr'>recte</span> <span class='ocrx_word' id='word_1_334' title='bbox 2289 3865 2658 3945; x_wconf 85' lang='lat' dir='ltr'>Teuffelius,</span> <span class='ocrx_word' id='word_1_335' title='bbox 2728 3890 2852 3932; x_wconf 86' lang='lat' dir='ltr'>non</span> <span class='ocrx_word' id='word_1_336' title='bbox 2920 3876 3071 3950; x_wconf 89' lang='lat' dir='ltr'>apte</span> <span class='ocrx_word' id='word_1_337' title='bbox 3122 3867 3249 3932; x_wconf 90' lang='lat' dir='ltr'>dici</span> <span class='ocrx_word' id='word_1_338' title='bbox 3313 3866 3619 3949; x_wconf 70' lang='lat' dir='ltr'>qam-ulus</span> <span class='ocrx_word' id='word_1_339' title='bbox 3671 3864 3837 3930; x_wconf 82' lang='lat' dir='ltr'>ultro</span> <span class='ocrx_word' id='word_1_340' title='bbox 3880 3864 4154 3945; x_wconf 76' lang='lat' dir='ltr'>offendes</span> 
     </span>
     <span class='ocr_line' id='line_1_33' title="bbox 485 3961 4152 4054; baseline 0.001 -27"><span class='ocrx_word' id='word_1_341' title='bbox 485 3983 815 4040; x_wconf 83' lang='lat' dir='ltr'>morosum,</span> <span class='ocrx_word' id='word_1_342' title='bbox 861 3961 1018 4043; x_wconf 89' lang='lat' dir='ltr'>quia</span> <span class='ocrx_word' id='word_1_343' title='bbox 1061 3981 1254 4044; x_wconf 89' lang='lat' dir='ltr'>saepe</span> <span class='ocrx_word' id='word_1_344' title='bbox 1298 3964 1432 4039; x_wconf 84' lang='lat' dir='ltr'>fiat,</span> <span class='ocrx_word' id='word_1_345' title='bbox 1492 3971 1566 4029; x_wconf 87' lang='lat' dir='ltr'>ut</span> <span class='ocrx_word' id='word_1_346' title='bbox 1610 3966 1915 4048; x_wconf 83' lang='lat' dir='ltr'>garrulus</span> <span class='ocrx_word' id='word_1_347' title='bbox 1961 3967 2152 4033; x_wconf 88' lang='lat' dir='ltr'>homo</span> <span class='ocrx_word' id='word_1_348' title='bbox 2199 3969 2393 4034; x_wconf 90' lang='lat' dir='ltr'>etiam</span> <span class='ocrx_word' id='word_1_349' title='bbox 2465 3971 2628 4035; x_wconf 89' lang='lat' dir='ltr'>alios</span> <span class='ocrx_word' id='word_1_350' title='bbox 2673 3977 2872 4054; x_wconf 84' lang='lat' dir='ltr'>atque</span> <span class='ocrx_word' id='word_1_351' title='bbox 2940 3990 3226 4035; x_wconf 85' lang='lat' dir='ltr'>morosos</span> <span class='ocrx_word' id='word_1_352' title='bbox 3270 3967 3566 4035; x_wconf 84' lang='lat' dir='ltr'>offendat.</span> <span class='ocrx_word' id='word_1_353' title='bbox 3655 3965 3826 4031; x_wconf 91' lang='lat' dir='ltr'>Illud</span> <span class='ocrx_word' id='word_1_354' title='bbox 3891 3984 4152 4049; x_wconf 90' lang='lat' dir='ltr'>quoque</span> 
     </span>
     <span class='ocr_line' id='line_1_34' title="bbox 484 4063 4154 4155; baseline 0 -27"><span class='ocrx_word' id='word_1_355' title='bbox 484 4063 806 4148; x_wconf 80' lang='lat' dir='ltr'>displicet,</span> <span class='ocrx_word' id='word_1_356' title='bbox 852 4064 1068 4130; x_wconf 90' lang='lat' dir='ltr'>verbis</span> <span class='ocrx_word' id='word_1_357' title='bbox 1111 4084 1280 4148; x_wconf 87' lang='lat' dir='ltr'>quae</span> <span class='ocrx_word' id='word_1_358' title='bbox 1324 4073 1476 4131; x_wconf 89' lang='lat' dir='ltr'>sunt</span> <span class='ocrx_word' id='word_1_359' title='bbox 1516 4088 1643 4133; x_wconf 76' lang='lat' dir='ltr'>non</span> <span class='ocrx_word' id='word_1_360' title='bbox 1687 4071 1877 4134; x_wconf 78' lang='lat' dir='ltr'>etiam</span> <span class='ocrx_word' id='word_1_361' title='bbox 1921 4071 2120 4136; x_wconf 78' lang='lat' dir='ltr'>sileas</span> <span class='ocrx_word' id='word_1_362' title='bbox 2162 4072 2492 4138; x_wconf 89' lang='lat' dir='ltr'>silentium</span> <span class='ocrx_word' id='word_1_363' title='bbox 2539 4074 2918 4149; x_wconf 74' lang='lat' dir='ltr'>dissuaderi,</span> <span class='ocrx_word' id='word_1_364' title='bbox 2976 4094 3122 4138; x_wconf 89' lang='lat' dir='ltr'>cum</span> <span class='ocrx_word' id='word_1_365' title='bbox 3167 4092 3334 4155; x_wconf 85' lang='lat' dir='ltr'>quae</span> <span class='ocrx_word' id='word_1_366' title='bbox 3377 4075 3740 4152; x_wconf 87' lang='lat' dir='ltr'>sequuntur</span> <span class='ocrx_word' id='word_1_367' title='bbox 3785 4068 4013 4135; x_wconf 79' lang='lat' dir='ltr'>Davus</span> <span class='ocrx_word' id='word_1_368' title='bbox 4057 4070 4154 4133; x_wconf 79' lang='lat' dir='ltr'>sis</span> 
     </span>
    </p>
   </div>
   <div class='ocr_carea' id='block_1_7' title="bbox 485 4169 4149 4336">
    <p class='ocr_par' dir='ltr' id='par_1_10' title="bbox 485 4169 4149 4336">
     <span class='ocr_line' id='line_1_35' title="bbox 485 4169 4149 4335; baseline 0.001 -105"><span class='ocrx_word' id='word_1_369' title='bbox 485 4170 767 4335; x_wconf 44' lang='lat' dir='ltr'>conticuit-{¹</span> <span class='ocrx_word' id='word_1_370' title='bbox 800 4188 863 4250; x_wconf 88' lang='lat' dir='ltr'>q.</span> <span class='ocrx_word' id='word_1_371' title='bbox 908 4190 957 4233; x_wconf 89' lang='lat' dir='ltr'>s.</span> <span class='ocrx_word' id='word_1_372' title='bbox 1006 4169 1239 4335; x_wconf 57' lang='lat' dir='ltr'>apltius,</span> <span class='ocrx_word' id='word_1_373' title='bbox 1312 4170 1365 4235; x_wconf 84' lang='lat' dir='ltr'>si</span> <span class='ocrx_word' id='word_1_374' title='bbox 1410 4171 1566 4252; x_wconf 86' lang='lat' dir='ltr'>quid</span> <span class='ocrx_word' id='word_1_375' title='bbox 1611 4172 1817 4251; x_wconf 82' lang='lat' dir='ltr'>video,</span> <span class='ocrx_word' id='word_1_376' title='bbox 1885 4175 2311 4240; x_wconf 84' lang='lat' dir='ltr'>conmendato</span> <span class='ocrx_word' id='word_1_377' title='bbox 2360 4175 2837 4260; x_wconf 75' lang='lat' dir='ltr'>subiungantur</span> <span class='ocrx_word' id='word_1_378' title='bbox 2881 4177 3158 4240; x_wconf 85' lang='lat' dir='ltr'>silentio.</span> <span class='ocrx_word' id='word_1_379' title='bbox 3249 4174 3425 4252; x_wconf 83' lang='lat' dir='ltr'>Quas</span> <span class='ocrx_word' id='word_1_380' title='bbox 3491 4170 3576 4237; x_wconf 91' lang='lat' dir='ltr'>ob</span> <span class='ocrx_word' id='word_1_381' title='bbox 3644 4191 3872 4237; x_wconf 86' lang='lat' dir='ltr'>causas</span> <span class='ocrx_word' id='word_1_382' title='bbox 3937 4170 4149 4236; x_wconf 88' lang='lat' dir='ltr'>locum</span> 
     </span>
     <span class='ocr_line' id='line_1_36' title="bbox 485 4267 1246 4336; baseline 0.004 -3"><span class='ocrx_word' id='word_1_383' title='bbox 485 4267 580 4333; x_wconf 84' lang='lat' dir='ltr'>sic</span> <span class='ocrx_word' id='word_1_384' title='bbox 624 4274 685 4333; x_wconf 85' lang='lat' dir='ltr'>tr</span> <span class='ocrx_word' id='word_1_385' title='bbox 774 4270 937 4336; x_wconf 89' lang='lat' dir='ltr'>itum</span> <span class='ocrx_word' id='word_1_386' title='bbox 982 4291 1059 4335; x_wconf 88' lang='lat' dir='ltr'>ve</span> <span class='ocrx_word' id='word_1_387' title='bbox 1112 4290 1246 4336; x_wconf 87' lang='lat' dir='ltr'>em:</span> 
     </span>
    </p>
   </div>
   <div class='ocr_carea' id='block_1_8' title="bbox 650 4392 4147 4686">
    <p class='ocr_par' dir='ltr' id='par_1_11' title="bbox 650 4392 4147 4686">
     <span class='ocr_line' id='line_1_37' title="bbox 1397 4392 3096 4480; baseline 0.002 -24"><span class='ocrx_word' id='word_1_388' title='bbox 1397 4392 1726 4474; x_wconf 75' lang='lat' dir='ltr'>difficilem</span> <span class='ocrx_word' id='word_1_389' title='bbox 1770 4400 1829 4459; x_wconf 88' lang='lat' dir='ltr'>et</span> <span class='ocrx_word' id='word_1_390' title='bbox 1870 4414 2181 4460; x_wconf 79' lang='lat' dir='ltr'>morosum</span> <span class='ocrx_word' id='word_1_391' title='bbox 2228 4397 2505 4476; x_wconf 77' lang='lat' dir='ltr'>offendes</span> <span class='ocrx_word' id='word_1_392' title='bbox 2546 4398 2853 4480; x_wconf 68' lang='lat' dir='ltr'>qarrulus</span> <span class='ocrx_word' id='word_1_393' title='bbox 2869 4420 2890 4461; x_wconf 91' lang='lat'>.·</span> <span class='ocrx_word' id='word_1_394' title='bbox 2933 4398 3096 4463; x_wconf 79' lang='lat' dir='ltr'>ultro</span> 
     </span>
     <span class='ocr_line' id='line_1_38' title="bbox 1396 4482 2289 4562; baseline 0.004 -21"><span class='ocrx_word' id='word_1_395' title='bbox 1396 4496 1845 4559; x_wconf 69' lang='lat' dir='ltr'>nonnunquam</span> <span class='ocrx_word' id='word_1_396' title='bbox 1889 4482 2093 4547; x_wconf 79' lang='lat' dir='ltr'>sileas</span> <span class='ocrx_word' id='word_1_397' title='bbox 2138 4504 2194 4562; x_wconf 85' lang='lat' dir='ltr'>q.</span> <span class='ocrx_word' id='word_1_398' title='bbox 2238 4502 2289 4546; x_wconf 86' lang='lat' dir='ltr'>s.</span> 
     </span>
     <span class='ocr_line' id='line_1_39' title="bbox 650 4589 4147 4686; baseline 0.001 -31"><span class='ocrx_word' id='word_1_399' title='bbox 650 4589 817 4668; x_wconf 87' lang='lat' dir='ltr'>Quid</span> <span class='ocrx_word' id='word_1_400' title='bbox 865 4592 1027 4659; x_wconf 80' lang='lat' dir='ltr'>altro</span> <span class='ocrx_word' id='word_1_401' title='bbox 1071 4593 1199 4659; x_wconf 88' lang='lat' dir='ltr'>sibi</span> <span class='ocrx_word' id='word_1_402' title='bbox 1242 4594 1418 4674; x_wconf 84' lang='lat' dir='ltr'>velit,</span> <span class='ocrx_word' id='word_1_403' title='bbox 1465 4595 1615 4661; x_wconf 87' lang='lat' dir='ltr'>hinc</span> <span class='ocrx_word' id='word_1_404' title='bbox 1660 4597 2005 4683; x_wconf 76' lang='lat' dir='ltr'>intellege:</span> <span class='ocrx_word' id='word_1_405' title='bbox 2052 4605 2338 4679; x_wconf 85' lang='lat' dir='ltr'>„tantum</span> <span class='ocrx_word' id='word_1_406' title='bbox 2388 4600 2577 4680; x_wconf 82' lang='lat' dir='ltr'>absit,</span> <span class='ocrx_word' id='word_1_407' title='bbox 2639 4611 2714 4666; x_wconf 86' lang='lat' dir='ltr'>ut</span> <span class='ocrx_word' id='word_1_408' title='bbox 2755 4601 3057 4686; x_wconf 77' lang='lat' dir='ltr'>garrulus</span> <span class='ocrx_word' id='word_1_409' title='bbox 3099 4601 3208 4679; x_wconf 84' lang='lat' dir='ltr'>sis,</span> <span class='ocrx_word' id='word_1_410' title='bbox 3271 4607 3345 4666; x_wconf 89' lang='lat' dir='ltr'>ut</span> <span class='ocrx_word' id='word_1_411' title='bbox 3387 4618 3853 4682; x_wconf 86' lang='lat' dir='ltr'>nonnunquam</span> <span class='ocrx_word' id='word_1_412' title='bbox 3897 4596 4147 4660; x_wconf 73' lang='lat' dir='ltr'>sileas.“</span> 
     </span>
    </p>
   </div>
   <div class='ocr_carea' id='block_1_9' title="bbox 486 4781 3472 5061">
    <p class='ocr_par' dir='ltr' id='par_1_12' title="bbox 486 4781 3472 5061">
     <span class='ocr_line' id='line_1_40' title="bbox 486 4781 3274 4907; baseline 0.004 -46"><span class='ocrx_word' id='word_1_413' title='bbox 486 4781 700 4866; x_wconf 67' lang='lat' dir='ltr'>Sat·</span> <span class='ocrx_word' id='word_1_414' title='bbox 759 4782 919 4865; x_wconf 78' lang='lat'>11·</span> <span class='ocrx_word' id='word_1_415' title='bbox 973 4781 1079 4879; x_wconf 62' lang='lat'>8,</span> <span class='ocrx_word' id='word_1_416' title='bbox 1141 4784 1259 4862; x_wconf 72' lang='lat'>107</span> <span class='ocrx_word' id='word_1_417' title='bbox 1314 4808 1474 4887; x_wconf 66' lang='lat' dir='ltr'>sqq:</span> <span class='ocrx_word' id='word_1_418' title='bbox 1862 4890 1873 4902; x_wconf 43' lang='lat'><strong>·</strong></span> <span class='ocrx_word' id='word_1_419' title='bbox 2112 4805 2301 4871; x_wconf 77' lang='lat' dir='ltr'>veluti</span> <span class='ocrx_word' id='word_1_420' title='bbox 2343 4809 2700 4871; x_wconf 71' lang='lat' dir='ltr'>succinctus</span> <span class='ocrx_word' id='word_1_421' title='bbox 2742 4808 3008 4905; x_wconf 71' lang='lat' dir='ltr'>cursitat</span> <span class='ocrx_word' id='word_1_422' title='bbox 3049 4806 3274 4907; x_wconf 74' lang='lat' dir='ltr'>hospes</span> 
     </span>
     <span class='ocr_line' id='line_1_41' title="bbox 1702 4890 3472 5061; baseline 0.003 -22"><span class='ocrx_word' id='word_1_423' title='bbox 1702 4890 3472 5061; x_wconf 40' lang='lat' dir='ltr'>Jawffieggfffiaffgmbuasvmtguofffflazsm.</span> 
     </span>
    </p>
   </div>
  </div>
 </body>
</html>
