4809 6134
2364 430 2696 497 -gff

688 633 905 715 δεῖ.
956 633 1051 726 1,
1107 628 1212 723 4,
1266 627 1396 703 103
1446 650 1604 728 sqq:
2531 642 2795 707 liba-ius
2837 646 2899 708 si

2113 726 2329 791 dixero
2375 727 2548 808 quid,
2593 730 2655 791 si
2696 728 2855 810 forte
2899 732 3190 805 iocosius,
3235 730 3346 795 hoc
3391 732 3547 795 mihi
3575 732 3755 812 juris

2114 832 2254 876 oum
2296 814 2483 877 venia
2527 813 2731 877 dabis,

860 919 1153 985 Liberius
1199 917 1392 982 dictis
1437 916 1499 980 h.
1545 916 1586 980 1.
1633 915 2112 999 subiunguntur
2170 915 2448 979 iocosius
2506 915 2685 980 dicta
2728 916 2823 980 ita
2874 917 3064 998 quasi
3109 917 3362 984 diversa
3407 925 3646 985 essent:
3703 919 3878 1002 quod
3939 941 4066 985 non
4109 921 4205 985 ita
4249 921 4360 986 ha-

692 1022 826 1086 bet:
872 1042 1022 1085 nam
1066 1020 1345 1085 iocosius
1391 1017 1584 1095 dicta,
1631 1018 1683 1082 si
1729 1015 1977 1100 aliquid
2022 1025 2191 1095 sunt,
2234 1015 2544 1082 liberiore
2586 1018 2726 1081 ioco
2772 1018 2951 1083 dicta
2993 1038 3161 1097 sunt.
3250 1021 3597 1086 Praeterea
3641 1020 3952 1086 Horatius
3997 1023 4050 1087 si
4095 1044 4136 1088 a
4187 1022 4361 1088 Mae·

690 1131 911 1189 cenate
954 1122 1335 1188 liberiorum
1382 1122 1667 1185 iocorum
1712 1121 1814 1186 ius
1858 1121 2037 1202 petit,
2084 1128 2234 1202 apte
2279 1121 2472 1204 petit:
2521 1119 2692 1184 idem
2737 1128 2809 1184 ut
2856 1122 3105 1204 quidvis
3149 1121 3416 1187 liberius
3460 1123 3673 1188 dicere
3718 1123 3843 1188 sibi
3889 1123 4096 1201 liceat,
4135 1132 4359 1208 postu-

690 1226 831 1291 lans
875 1245 1015 1290 eam
1060 1246 1220 1308 prae
1265 1246 1333 1289 se
1380 1223 1509 1288 fert
1552 1222 2016 1307 adrogantiam.
2063 1243 2258 1305 quam
2307 1221 2389 1287 ab
2438 1222 2552 1285 illo
2598 1221 2786 1306 longe
2831 1225 3057 1289 abesse
3102 1223 3509 1307 putabamus,
3598 1224 3777 1302 Quae
3821 1226 3979 1290 mihi
4022 1228 4181 1291 satis
4211 1247 4355 1310 per-

689 1327 981 1405 suadent,
1026 1327 1387 1410 scripturae
1434 1325 1657 1389 vitium
1703 1324 1982 1393 subesse.
2030 1324 2202 1406 quod
2250 1323 2445 1388 facile
2491 1325 2585 1389 ita
2631 1324 2853 1388 tollas:

2420 1462 2687 1526 liberius
2731 1462 2792 1524 si

1802 1548 2020 1611 dixero
2066 1546 2236 1627 quid,
2281 1549 2377 1611 sic
2419 1547 2578 1627 forte
2621 1547 2911 1628 iocosam,
2955 1548 3067 1639 Ιιορ
3092 1597 3104 1610 .
3131 1598 3144 1611 .
3170 1597 3185 1611 .

858 1685 1195 1751 Sententia
1248 1685 1406 1749 haec
1463 1692 1587 1749 est:
1636 1684 1744 1761 „si,
1802 1684 1977 1765 quod
2022 1683 2236 1748 dicere
2284 1683 2562 1759 voluero,
2607 1682 2909 1749 libertate
2951 1684 3234 1766 quadam
3279 1682 3561 1751 admissa
3604 1686 3881 1751 iocosius
3924 1685 4195 1750 evadere
4239 1703 4355 1768 po-

685 1789 892 1855 tuerit
948 1794 1015 1852 et
1070 1793 1417 1870 propterea
1472 1808 1586 1869 ego
1646 1787 1736 1851 sic
1793 1785 2048 1859 dixer0‚
2112 1785 2233 1849 hoc
2291 1785 2490 1851 mihi.
2514 1835 2528 1849 .
2554 1792 2625 1850 .“.
2717 1786 2878 1850 Nam
2937 1788 3034 1849 sic
3084 1786 3245 1868 forte
3301 1789 3576 1853 iocosius
3629 1789 3722 1853 ita
3765 1787 4352 1871 interpretandum:

685 1897 897 1972 utpote
936 1892 1094 1972 forte
1136 1891 1232 1954 sic
1273 1890 1547 1955 iocosius
1586 1890 1887 1970 futurum,
1954 1888 2050 1952 vel
2096 1890 2249 1969 quia
2293 1890 2388 1953 sic
2429 1892 2589 1970 forte-
2633 1891 2906 1955 iocosius
2952 1888 3088 1954 em‘t.
3181 1888 3362 1953 Unde
3411 1892 3606 1954 etiam
3652 1890 3812 1955 illud
3859 1896 4132 1973 apparet-
4189 1890 4355 1953 ioco-

687 1996 828 2059 sius
870 2015 911 2059 a
955 2014 1055 2057 me
1102 2013 1230 2057 non
1273 2013 1392 2074 pro
1439 1992 1760 2067 adverbis»,
1806 1989 1916 2056 sed
1963 2012 2081 2073 pro
2128 1990 2444 2055 adiectivo
2491 1991 2739 2056 haberi,

4302 2137 4316 2175 ἲ

691 2186 904 2268 Sat·
961 2184 1053 2277 Ι,
1111 2181 1209 2277 5,
1264 2181 1341 2257 75
1378 2206 1493 2283 sqz
2107 2198 2403 2261 convictas
2450 2196 2674 2260 aridos
2718 2218 2936 2260 (meam
2979 2217 3310 2276 servosque
3355 2199 3639 2259 tz'nmates

1698 2286 1825 2343 tum
1872 2302 2094 2362 rapere
2138 2288 2321 2362 atque
2367 2302 2578 2345 omnes
2623 2284 3008 2361 restinquere
3051 2282 3209 2346 velle
3253 2282 3513 2345 rideres.

858 2417 1123 2500 Fugisse
1158 2418 1409 2482 videtur
1440 2418 1827 2501 interpretes
1872 2415 2138 2482 festivus
2184 2416 2478 2481 vocabuli
2524 2417 2698 2498 quod
2745 2422 2844 2480 est
2906 2416 3063 2480 velle
3130 2438 3302 2481 usus.
3392 2417 3688 2499 Agebant
3733 2417 3903 2480 enim
3961 2434 4167 2496 neque
4201 2433 4352 2476 con·

687 2521 866 2584 vivae
920 2540 1129 2603 neque
1186 2520 1351 2584 servi
1408 2518 1761 2602 quidquam
1823 2519 1945 2583 nisi
1998 2519 2137 2597 hoe,
2198 2526 2271 2583 ut
2327 2538 2550 2583 cenam
2605 2524 2936 2601 raperent,
2982 2518 3388 2584 flammarum
3443 2520 3602 2585 satis
3656 2520 3894 2583 securi:
3951 2517 4063 2582 sed
4109 2515 4348 2596 partim

688 2622 843 2706 quia
884 2621 1085 2686 videri
1132 2642 1390 2686 securos
1436 2620 1742 2705 pudebat,
1787 2622 2027 2703 partim
2073 2643 2202 2703 quo
2247 2621 2647 2687 commodius
2693 2627 3013 2704 raperent,
3062 2622 3502 2705 restinguendi
3545 2621 3944 2687 simulabant
3987 2617 4290 2683 studium.

688 2830 970 2913 §atl-
1025 2886 1050 2924 ‚
1082 2826 1188 2923 6,
1242 2827 1333 2904 93
1384 2853 1501 2930 ⁸¹1²
2515 2865 2666 2907 nam
2711 2846 2773 2908 si
2813 2851 3048 2908 natura
3093 2844 3332 2908 inem-et

1904 2950 1941 2992 a
1989 2932 2176 2996 certis
2221 2932 2415 2994 annis
2460 2951 2680 2993 aevzcm
2725 2952 3003 2995 remeare
3033 2936 3386 3011 peractum.

855 3065 954 3130 Ea
1005 3085 1201 3147 quam
1257 3064 1411 3127 mihi
1465 3064 1693 3129 horum
1772 3064 2108 3130 verborum
2183 3066 2756 3141 conformaveram,
2835 3067 3289 3149 interpretatio
3362 3086 3510 3129 cum
3576 3063 3704 3128 illis
3770 3082 3935 3146 quae
4002 3061 4174 3144 apud
4219 3060 4336 3123 Do·

685 3168 1006 3232 derlinum
1051 3166 1197 3250 legi,
1245 3187 1319 3231 eo
1365 3188 1570 3249 usque
1614 3167 1929 3245 convenit,
1975 3175 2051 3232 ut
2093 3174 2369 3249 uterque
2414 3174 2706 3232 nostrum
2752 3174 2953 3232 certos
2997 3191 3197 3235 annos
3241 3167 3562 3233 constanti
3606 3172 3823 3232 aetate
3863 3167 4349 3248 interpretetur.

684 3269 780 3334 De
823 3269 1074 3334 ratione
1133 3275 1367 3343 tamen,
1430 3289 1628 3352 quam
1682 3268 1842 3333 haec
1896 3268 2211 3333 vocabula
2266 3269 2351 3333 ad
2407 3276 2624 3334 cetera
2669 3269 2926 3347 habent,
2972 3270 3166 3335 aliter
3209 3271 3436 3335 sentio.
3524 3269 3611 3333 Et
3653 3268 4039 3333 Doderlinus
4084 3265 4343 3347 quidem

681 3373 773 3437 sic
833 3371 1053 3435 vertit:
1145 3371 1331 3435 Denn
1386 3370 1600 3436 wiirde
1654 3371 1866 3435 Natur
1919 3373 2044 3435 mir
2102 3370 2416 3448 befehlen‚
2454 3373 2618 3455 jetzt
2660 3394 2804 3437 vom
2851 3375 3280 3455 gestandenen
3326 3372 3512 3436 Alter
3556 3368 4048 3453 zuriickzugehn
4113 3366 4180 3430 in
4241 3365 4346 3429 die

684 3471 1016 3537 Kindheit.
1108 3472 1233 3537 Sed
1277 3478 1499 3555 specta
1543 3494 1783 3554 quaeso
1828 3493 1903 3538 ea
1947 3492 2115 3556 quae
2160 3473 2451 3539 versibus
2501 3484 2638 3539 100.
2684 3495 2823 3557 sqq.
2872 3475 3381 3559 subiunguntur:

1900 3631 2051 3674 nam
2094 3610 2252 3674 mihi
2296 3614 2590 3678 continuo
2633 3615 2843 3677 maior
2885 3614 3250 3694 quaerenda
3290 3613 3450 3692 foret
3493 3630 3596 3674 res

1903 3702 2089 3776 atque
2131 3696 2466 3763 salutandi
2497 3699 2753 3779 plurem
2798 3699 3123 3763 ducendus
3168 3704 3223 3761 et
3261 3716 3426 3760 unus

1902 3787 1961 3845 et
2003 3800 2204 3845 comes
2249 3782 2412 3846 alter
2454 3804 2509 3863 q.
2554 3802 2605 3845 8.

856 3912 1035 3991 Quae
1078 3913 1295 3998 legens
1339 3914 1394 3977 si
1422 3913 1794 3981 adtenderis
1838 3915 1921 3979 ad
1968 3936 2111 3981 eam
2157 3938 2351 3999 quam
2398 3917 2703 3983 describit
2746 3924 2938 4003 poeta
2982 3919 3236 3985 vivendi
3280 3918 3617 3994 rationem,
3664 3922 3731 3978 et
3760 3916 3845 3979 ad
3875 3915 4002 3976 vim
4051 3905 4348 3973 vocabuli

685 4016 858 4099 quod
917 4021 1016 4082 est
1068 4017 1382 4091 continuo,
1440 4036 1569 4083 non
1629 4016 1986 4095 dubitabis,
2040 4019 2195 4100 quin
2254 4019 2567 4085 Horatius
2619 4041 2688 4086 se
2734 4022 3073 4087 reductum
3125 4040 3252 4085 non
3297 4021 3365 4085 in
3409 4018 3767 4095 infantiam,
3815 4015 3926 4081 sed
3970 4015 4038 4077 in
4084 4010 4342 4076 initium

686 4118 1038 4185 constantis
1091 4119 1329 4183 aetatis
1379 4117 1554 4183 velit.
1641 4117 1873 4200 Itaque
1928 4120 2021 4184 sic
2075 4121 2292 4203 potius
2348 4122 2936 4206 interpretandum:
3000 4144 3043 4187 a
3101 4126 3292 4188 certis
3345 4125 3536 4189 annis
3581 4119 3752 4186 idem
3797 4138 3936 4183 esse
3978 4112 4156 4198 quod
4197 4112 4347 4176 inde

684 4243 728 4286 a
781 4223 972 4285 certis
1017 4222 1211 4283 avenis
1255 4219 1354 4284 vel
1398 4220 1552 4287 inde
1594 4243 1633 4285 a
1652 4223 1894 4302 primis
1937 4226 2129 4287 certis
2173 4226 2366 4289 annis
2412 4231 2478 4289 et
2520 4224 2910 4308 iungendum
2957 4246 3084 4290 non
3116 4245 3260 4289 cum
3305 4246 3605 4301 remeare,
3651 4222 3762 4288 sed
3810 4241 3955 4286 cum
4004 4223 4347 4300 peractum,

682 4329 758 4389 ut
800 4321 1119 4387 sententia
1162 4320 1326 4386 haec
1368 4324 1480 4387 sit:
1529 4324 1622 4402 „si
1669 4330 1906 4388 natura
1950 4346 2053 4389 me
2099 4325 2353 4390 iuberet
2399 4348 2687 4393 remeare
2718 4329 2816 4392 vel
2860 4328 3098 4393 iterum
3141 4346 3478 4410 permeare
3522 4346 3662 4390 eam
3703 4324 3842 4389 aevi
3874 4328 4145 4405 partem,
4177 4337 4345 4401 quae

681 4426 831 4491 inde
876 4447 916 4490 a
959 4425 1170 4508 prima
1213 4425 1533 4489 constanti
1578 4430 1794 4490 aetate
1838 4447 1878 4490 a
1922 4449 2024 4491 me
2067 4434 2331 4512 peracta
2377 4437 2532 4495 est.“

681 4618 895 4700 sat·
952 4615 1047 4709 1,
1101 4612 1206 4709 9,
1260 4611 1375 4687 ¹⁶8
2047 4652 2405 4715 prosequar
2447 4635 2596 4699 hinc
2640 4656 2756 4717 quo
2800 4656 2965 4698 nunc
3008 4636 3132 4701 itm·
3174 4643 3267 4700 est
3310 4634 3447 4700 tibi.

850 4784 1042 4930 ml
1064 4762 1233 4828 nihil
1276 4761 1434 4828 facit
1475 4763 1604 4828 nisi
1647 4771 1722 4830 ut
1765 4785 1987 4831 versus
2032 4788 2332 4834 numeros
2375 4770 2714 4852 compleat,
2759 4770 2842 4835 ad
2887 4772 3278 4837 sententiam
3309 4770 3437 4833 vim
3469 4768 3665 4833 habet
3695 4768 3957 4833 nullam.
4045 4768 4344 4832 Fortasse

681 4871 976 4950 praestat
1044 4885 1259 4950 egere:
3795 4880 3824 4887 ’·

1888 5024 2246 5086 prosequar
2284 5007 2430 5073 hinc
2474 5028 2853 5093 quocunque
2893 5012 3019 5075 iter
3063 5018 3152 5073 est
3197 5008 3333 5074 tibi.
