4809 6134
2344 379 2693 453 -6..

799 584 947 648 Jam
1006 581 1122 664 qui
1178 583 1266 646 sit
1321 582 1794 647 sententiarum
1856 583 2096 663 quibus
2155 582 2358 647 satira
2414 588 2669 648 constat
2724 605 2941 663 nexus,
2997 586 3155 651 satis
3214 586 3404 662 clare,
3465 588 3588 653 nisi
3648 588 3861 665 fallor
3908 595 4380 677 perspicitur.

629 685 881 771 Agebat
924 685 1235 749 Horatius
1280 683 1419 762 hoc,
1466 691 1542 748 ιιι
1583 685 1925 750 avaritiam
1970 684 2351 789 fugiendam
2391 705 2531 749 esse
2562 685 2841 751 doceret.
2930 688 3115 766 Quod
3161 696 3613 773 argumentum
3644 693 3799 757 dum
3831 703 4048 761 versat
4078 698 4312 776 anim0‚

629 789 884 854 devenit
928 808 1019 865 ec,
1063 793 1138 851 ut
1183 786 1352 851 unde
1397 786 1671 851 avaritia
1715 788 1985 867 oriatur,
2032 795 2324 869 quaerat
2396 786 2630 854 Censet
2673 791 2828 855 oriri
2864 811 2941 855 ex
2985 793 3199 857 studio
3245 793 3459 858 aliena
3489 795 3822 876 probandi.
3871 797 4047 863 Ordo
4096 806 4313 865 autem

627 914 758 975 quo
805 891 1099 956 conditas
1128 890 1438 956 habemus
1469 891 1839 970 sententias,
1872 890 1974 959 hic
2021 897 2144 956 est:
2194 890 2369 955 Satis
2416 892 2672 970 mirum,
2718 894 2894 975 quod
2925 894 3219 960 homines
3249 895 3461 961 aliena
3492 917 3686 979 quam
3719 919 3836 963 sua
3865 899 4136 966 laudare
4180 924 4317 967 ma·

628 995 774 1060 lunt
817 997 938 1077 (vv,
989 994 1241 1077 1—22).
1334 992 1547 1058 Triste
1609 992 1801 1059 huius
1857 994 1993 1058 vitii
2052 995 2370 1076 specimen
2431 1001 2531 1058 est
2589 997 2884 1073 avaritia,
2943 1017 3111 1079 quae
3173 997 3337 1062 nihil
3401 1000 3520 1063 nisi
3577 999 3836 1066 labores
3881 1003 4312 1088 miseramque

629 1098 828 1162 vitam
872 1096 1051 1181 parit
1095 1098 1216 1179 (vv.
1266 1097 1609 1180 23—107).
1655 1097 1780 1161 Sed
1826 1098 1984 1181 quia
2029 1118 2157 1162 non
2204 1096 2414 1161 solum
2460 1099 2657 1177 avari,
2704 1099 2816 1162 sed
2862 1120 3083 1163 omnes
3129 1099 3576 1165 homines-illo
3623 1104 3780 1168 vitio
3813 1103 4130 1185 laborant,
4160 1107 4312 1171 inde

626 1200 716 1272 fit,
763 1206 838 1264 ut
883 1199 996 1281 qui
1040 1198 1216 1263 beati
1264 1198 1496 1275 vivant,
1542 1205 1673 1263 tam
1724 1220 1870 1264 raro
1919 1199 2330 1283 reperiantur
2375 1201 2457 1283 (v.
2512 1208 2716 1264 108-
2761 1200 2917 1284 fin.).

803 1302 1031 1367 Finitis
1090 1302 1219 1365 iam
1282 1302 1373 1364 eis
1432 1320 1599 1383 quae
1656 1302 1737 1366 ad
1798 1302 2068 1366 satiram
2129 1301 2546 1385 pertinebant
2603 1303 2988 1383 universam,
3051 1311 3302 1370 restant
3358 1326 3566 1389 pauca
3629 1306 3709 1370 de
3753 1328 3883 1372 uno
3928 1309 4069 1374 eius
4113 1316 4309 1391 atque

628 1405 838 1469 altero
883 1403 1024 1468 loco
1071 1402 1484 1486 disputanda.
1576 1402 1861 1479 Quorum
1906 1402 2197 1468 locorum
2240 1389 2490 1487 primus
2535 1406 2600 1468 in
2646 1406 2788 1487 ipso
2835 1407 3138 1470 carminis
3185 1407 3450 1472 exordio
3498 1414 3613 1483 est,
3661 1407 3770 1473 ubi
3817 1410 3980 1493 haec
4024 1416 4201 1474 sunt:

1447 1540 1570 1620 Qui
1610 1541 1702 1620 fit,
1748 1539 2115 1616 Maecenas,
2162 1547 2229 1602 ut
2273 1562 2467 1617 nemo,
2514 1563 2703 1622 quam
2747 1543 2875 1606 sibi
2918 1548 3144 1607 sortem

1438 1646 1549 1689 seu
1594 1626 1759 1689 ratio
1805 1626 2047 1689 dederit
2090 1646 2201 1689 seu-
2241 1627 2378 1708 fors
2425 1627 2735 1701 obiecerit,
2782 1627 2903 1691 illa

1439 1716 1759 1775 contentus
1802 1714 1973 1774 vivat
1997 1761 2010 1773 .
2039 1763 2052 1776 .
2081 1761 2094 1774 .

796 1833 1194 1912 Interpretes
1240 1830 1402 1893 miro
1449 1850 1757 1895 consensu
1805 1835 2043 1894 sortem
2091 1829 2274 1894 illam
2319 1829 2573 1894 ratione
2620 1830 2841 1894 datam
2886 1838 3122 1913 putant
3163 1853 3322 1907 eam,
3370 1854 3565 1914 quam
3613 1834 3802 1898 homo
3850 1834 3972 1898 sibi
4020 1835 4146 1918 ipsi
4180 1834 4307 1898 ele·

624 1935 810 2019 gerit.
902 1932 1239 1997 Enimvero
1296 1931 1615 2007 homineS,
1679 1938 1753 1995 ut
1811 1932 2022 1995 omnia
2081 1932 2202 1996 sfbi
2252 1932 2502 2015 elegere
2547 1934 2816 2017 possint,
2861 1940 3099 1999 sortem
3147 1933 3436 2017 profecto
3483 1955 3608 1999 non
3654 1945 3941 2019 possunt,
3986 1936 4306 2019 siquidem

626 2036 741 2101 illa
795 2035 1091 2100 obfertur
1136 2040 1333 2117 atque
1380 2033 1677 2117 obtingit.
1767 2032 1949 2110 Quod
1997 2033 2310 2099 Horatius
2356 2056 2425 2100 se
2470 2056 2599 2099 non
2643 2036 2972 2119 ignorasse
3027 2036 3272 2100 indicat-
3329 2037 3469 2114 hoc,
3539 2038 3712 2120 quod
3759 2038 3935 2103 brevi
3979 2044 4146 2122 post,
4193 2038 4304 2103 ubi

624 2139 704 2203 de
758 2146 933 2204 sorte
979 2138 1232 2221 aliquot
1274 2137 1604 2201 hominum
1649 2136 1963 2200 mutanda
1993 2139 2225 2219 agitur,
2270 2136 2450 2200 Jovis
2483 2160 2601 2221 ope
2649 2158 2870 2202 carere
2915 2159 3042 2200 non
3089 2146 3320 2221 potest.
3367 2140 3453 2204 At
3499 2146 3652 2205 sunt
3697 2141 3810 2223 qui
3854 2140 4018 2205 illud
4064 2140 4304 2219 dicant,

584 2241 1005 2306 'vocabulum
1066 2240 1127 2304 h.
1172 2240 1215 2303 l.
1270 2261 1397 2303 non
1444 2260 1573 2321 quo
1620 2238 1828 2303 soleat
1875 2239 2207 2303 intellectu
2261 2239 2504 2303 dictum
2551 2261 2705 2318 esse,
2751 2243 2864 2306 sed
2907 2261 3107 2324 genus
3153 2250 3461 2323 quaestus
3507 2241 3784 2307 faciendi
3827 2244 4131 2308 indicare.
4219 2242 4309 2307 At

627 2344 797 2409 hunc
841 2342 1134 2408 vocabuli
1183 2363 1369 2407 usum
1415 2341 1694 2406 latinum
1741 2362 1879 2405 esse
1925 2344 2070 2424 quis
2116 2348 2210 2407 est
2258 2342 2366 2424 qui
2408 2344 2700 2407 evincere
2744 2344 2990 2425 possit?
3036 2344 3225 2409 Aliud
3270 2346 3470 2428 igitur
3512 2344 3981 2428 temptandum,
4027 2352 4101 2409 ut
4145 2365 4305 2427 quo-

625 2447 816 2512 modo
875 2454 1115 2512 sortem
1176 2445 1348 2509 ratio
1410 2444 1565 2508 dare
1622 2446 1859 2527 possit,
1923 2446 2392 2529 intellegamus.
2483 2444 2927 2528 Intellegimus
2996 2453 3210 2511 autem
3267 2447 3542 2531 simplici
3615 2446 3806 2510 modo
3857 2446 3998 2511 hoc.
4087 2446 4301 2524 Ratio,

624 2559 856 2636 poetae
912 2549 1109 2615 simili
1171 2548 1360 2614 modo
1418 2547 1592 2611 dicta
1654 2554 1849 2630 atque
1910 2550 2336 2632 Anaxagorae
2372 2570 2502 2632 νοῦς,
2547 2553 2644 2611 est
2689 2554 2873 2612 extra
2917 2548 3257 2627 hominem,
3330 2558 3428 2614 est
3495 2548 3781 2627 deorum,
3851 2556 3951 2613 est
4016 2548 4081 2612 id
4127 2545 4301 2631 quod

623 2653 985 2717 universam
1030 2672 1247 2715 rerum
1291 2655 1593 2714 naturam
1639 2651 1806 2732 regit
1871 2656 2069 2732 atque
2134 2652 2529 2731 moderatur,
2597 2656 2672 2715 ιιι
2713 2651 2773 2714 h.
2820 2651 2862 2714 l.
2908 2653 3203 2733 quaestio
3250 2674 3289 2715 a
3334 2652 3658 2717 veteribus
3724 2671 3919 2735 saepe
3981 2652 4300 2734 discepta-

624 2763 693 2821 ta
760 2760 1067 2838 tangatur
1132 2752 1264 2827 illa,
1329 2758 1549 2816 utrum
1616 2773 1782 2835 quae
1850 2752 1919 2816 in
1986 2773 2199 2818 rerum
2247 2760 2486 2819 natura.
2529 2754 2706 2829 fiant,
2775 2752 2944 2817 forte
3014 2772 3294 2835 casuque
3339 2775 3420 2817 an
3467 2755 3723 2818 ratione
3768 2754 4049 2836 quadam
4101 2758 4300 2835 atque

621 2858 892 2924 consilio
950 2857 1127 2920 fiant.
1217 2855 1494 2920 Devenit
1553 2860 1770 2919 autem
1816 2855 1939 2920 huc
1999 2863 2195 2939 poeta
2254 2879 2327 2922 eo
2374 2856 2647 2934 facilius,
2706 2855 2879 2939 quod
2924 2854 3181 2939 legebat
3225 2855 3617 2933 Lucretium,
3666 2875 3858 2939 quem
3905 2857 4029 2921 scis
4077 2854 4297 2933 „divos

620 2982 914 3027 securum
962 2980 1153 3042 agere
1199 2968 1463 3023 aevom“
1511 2957 1805 3023 docuisse
1851 2958 2193 3041 omniaque
2239 2959 2538 3024 retulisse
2583 2959 2665 3023 ad
2712 2957 2945 3023 fortem
2992 2965 3189 3040 atque
3234 2965 3555 3023 naturam.

1026 3078 1098 3140 V.
1148 3085 1247 3139 73.
1293 3077 1562 3160 legimus
1608 3077 1755 3141 hoc:
1802 3080 2010 3141 neseis
2056 3100 2174 3159 quo
2219 3081 2429 3142 valeat
2474 3078 2809 3143 nummus?
2852 3100 3032 3159 quem
3064 3079 3373 3158 praebeat
3414 3080 3646 3142 usum?

792 3201 982 3264 Prior
1042 3197 1276 3261 harum
1332 3196 1907 3279 interrogationum
1965 3196 2089 3260 sibi
2133 3198 2298 3276 vult,
2351 3199 2602 3281 opinor,
2667 3198 2812 3261 hoc:
2907 3198 3140 3263 Weisst
3195 3200 3280 3262 du
3326 3198 3525 3277 nicht,
3571 3197 3873 3263 wodurch
3919 3196 4024 3260 die
4069 3195 4296 3260 Miinze

620 3303 787 3369 Geld
841 3303 952 3379 ist,
1012 3300 1147 3383 gilt,
1206 3299 1436 3383 giiltig,
1493 3299 1632 3363 eine
1690 3298 2113 3365 Werthsache
2172 3300 2295 3364 ist?
2382 3298 2479 3364 Ad
2541 3301 2713 3383 quod
2766 3302 3142 3385 responderi
3188 3324 3314 3367 non
3356 3301 3550 3365 aliter
3593 3308 3810 3384 potest
3852 3301 3977 3365 nisi
4021 3302 4142 3366 ita:
4200 3321 4293 3378 ec,

621 3426 813 3488 quem
874 3402 1184 3487 praebere
1243 3401 1439 3465 debet
1493 3423 1631 3465 usu.
1723 3400 1870 3465 Jam
1926 3402 2050 3468 hoc
2106 3404 2202 3467 ita
2260 3424 2396 3468 esse
2457 3411 2729 3487 negatur
2772 3404 3115 3468 subiuncta
3160 3405 3369 3468 altera
3414 3402 3937 3486 interrogatione,
3984 3425 4151 3487 quae
4198 3411 4295 3468 est

619 3528 801 3589 quem
831 3506 1139 3589 praebeat
1180 3504 1416 3569 usum?
1504 3503 1889 3569 Concineret
1943 3507 2108 3570 enim
2154 3507 2311 3570 haec
2355 3527 2502 3571 cum
2547 3508 2782 3590 priore,
2828 3507 2883 3569 si
2937 3527 3131 3589 quem,
3179 3529 3307 3571 non
3352 3526 3534 3569 usum
3576 3507 3819 3570 maiore
3865 3527 4018 3572 voce
4064 3505 4291 3571 efferre

622 3610 866 3686 liceret,
912 3607 1084 3690 quod
1130 3628 1259 3671 non
1302 3606 1516 3685 licere,
1562 3606 1814 3671 omissis
1858 3608 1988 3672 illis
2034 3628 2203 3691 quae
2248 3608 2331 3672 ad
2375 3609 2654 3692 priorem
2701 3607 3144 3691 respondenda
3190 3628 3328 3673 esse
3373 3607 3768 3688 videbamuS,
3821 3616 4121 3693 apertum
4174 3610 4288 3668 est.

622 3710 1003 3790 Videndum,
1047 3730 1128 3774 ne
1172 3709 1432 3774 Horatii
1476 3707 1671 3773 verba
1715 3708 1875 3773 haec
1919 3709 2194 3775 fuerint:

1432 3811 1659 3875 Nescis
1703 3832 1820 3892 quo
1864 3812 2075 3877 valeat
2114 3816 2453 3878 nummus?
2498 3836 2676 3895 quem
2710 3816 3016 3896 praebeat
3059 3833 3197 3881 usu.

1026 3930 1095 3993 V.
1149 3939 1264 3994 106
1313 3951 1406 4011 sq.
1539 3978 2072 3992 ......
2162 3938 2307 3995 ειμι
2352 3935 2506 3997 certi
2551 3934 2817 4014 denique
2855 3935 3016 4014 fines

1431 4052 1585 4113 quos
1627 4030 1803 4096 ultra
1847 4033 2129 4114 citraque
2172 4037 2387 4115 nequit
2433 4037 2771 4099 consistere
2815 4042 3068 4099 rectum.

790 4170 1144 4233 Consistere
1188 4188 1303 4250 per
1350 4166 1732 4246 „bestehen“
1779 4167 1889 4249 qui
1918 4174 2197 4245 vertunt,
2244 4176 2503 4252 poetam
2548 4172 2717 4236 iusto
2751 4170 3047 4255 frigidius
3093 4172 3460 4254 loquentem
3495 4168 3762 4247 faciunt,
3806 4165 3920 4248 qui
3950 4166 4007 4229 si
4037 4185 4285 4248 germa-

618 4271 770 4334 nica
814 4269 1036 4352 lingna
1081 4290 1236 4333 usus
1283 4275 1465 4347 esset,
1513 4269 1674 4333 Fuss
1720 4268 1937 4334 fassen
1984 4270 2082 4334 vel
2128 4271 2352 4335 stehen
2401 4273 2685 4337 dixisset.

616 4566 831 4648 Sat·
890 4564 982 4658 Ι,
1038 4561 1144 4657 2,
1202 4561 1335 4638 ¹31:
1425 4577 1715 4642 muribus
1759 4576 1912 4641 haee
1954 4584 2204 4655 metuat,
2251 4580 2385 4644 doti
2428 4581 2755 4662 deprensa,
2801 4589 3032 4664 eyonaet
3076 4584 3182 4645 mi.

785 4679 956 4744 Illud
1002 4681 1090 4743 mi
1132 4686 1284 4763 post
1329 4701 1521 4743 crura
1564 4684 1763 4762 atque
1808 4679 2024 4744 dotem
2071 4680 2257 4744 valde
2303 4679 2629 4765 frigidum.
2718 4682 2895 4747 Idem
2939 4684 3249 4765 ineptum,
3295 4679 3453 4762 quia
3484 4678 3649 4742 hanc
3680 4678 4065 4742 sententiam
4095 4696 4283 4760 prae-

612 4782 742 4861 bet,
799 4782 985 4865 quasi
1029 4780 1301 4846 Horatio
1359 4781 1491 4860 uni,
1537 4802 1666 4844 non
1710 4781 1839 4846 illis
1892 4802 2150 4865 quoque
2196 4786 2515 4867 (consciae
2562 4792 2627 4850 et
2671 4786 3051 4869 deprensae)
3097 4783 3220 4847 sibi
3265 4778 3682 4845 metuendum
3728 4777 3972 4844 fuisset.
4057 4776 4282 4840 Potest

614 4891 833 4950 autem
891 4885 1053 4949 haec
1096 4882 1468 4949 offensionis
1514 4903 1709 4948 causa
1770 4884 1959 4948 facile
2017 4885 2161 4949 tolli
2214 4886 2651 4952 distinctionis
2718 4888 2898 4972 signo
2963 4892 3110 4970 post
3174 4884 3262 4947 mi
3322 4881 3537 4947 deleto
3600 4886 3666 4943 et
3731 4902 3849 4964 pro
3917 4884 4150 4963 eyomet
4190 4881 4282 4943 mi

607 4987 854 5070 scripto
901 5008 1010 5072 eqo
1055 4987 1205 5052 dum
1246 4987 1337 5050 mi
1379 4986 1498 5065 vel,
1545 4985 1720 5068 quod
1765 4988 1969 5070 magis
2012 4984 2246 5067 placet,
2294 4996 2526 5072 eyomet
2571 4992 2689 5069 eui,
2735 5011 2868 5071 qua
2912 4985 3362 5053 emendatione
3405 4983 3692 5049 admissa
3735 4982 3958 5047 habes:
