4809 6134
2260 416 2581 541 ,33-

500 598 512 609 ⁶
563 626 835 698 consilia
897 634 1209 714 poterant
1268 594 1492 709 longa.
1531 624 1676 699 dici.
1786 624 2009 706 Longa
2073 627 2293 687 autem
2359 606 2540 686 sunt'
2578 619 2863 697 consilia,
2930 621 3086 703 quia
3151 628 3385 687 curant
3450 629 3517 687 et
3570 628 3804 705 petunt
3869 620 4238 705 longinqua.

562 733 856 799 Eundem
902 734 972 797 in
1014 731 1280 796 modum
1344 748 1488 810 spes
1532 747 1660 792 non
1714 747 1865 791 raro
1912 725 2142 817 longae
2186 724 2511 801 dicuutur,
2557 723 2833 789 consilia
2875 717 3094 789 autem
3139 724 3286 807 ipsa
3329 724 3641 791 Horatius
3687 725 3806 791 etsi
3852 744 3979 788 non
4025 724 4236 809 longa,

562 842 782 925 tamen
828 843 1088 902 aeterna
1131 833 1346 898 habet.
1437 830 1614 907 Quae
1657 830 1714 893 si
1756 822 1935 894 recte
1978 829 2312 913 disputata
2356 831 2527 901 sunt,
2575 824 2785 890 brevis
2833 826 2893 889 h.
2941 825 2982 889 l.
3027 826 3270 891 dicitur
3313 826 3596 892 stultitia
3639 832 4002 910 propterea,
4061 826 4236 908 quod

565 939 1061 1023 longinquarum
1107 956 1184 1000 ac
1229 934 1593 999 futurarum
1640 953 1856 996 rerum
1902 951 2129 995 secura
2181 935 2297 994 est.

564 1166 781 1257 Sat.
835 1112 1592 1255 I,1.Disputaturo
1639 1170 1799 1234 mihi
1848 1168 1927 1233 de
1974 1168 2166 1232 huius
2192 1168 2455 1237 satirae
2499 1172 2878 1282 argumento
2933 1173 3000 1231 et
3043 1167 3122 1233 de
3169 1188 3263 1241 ca,
3331 1189 3461 1250 qua
3504 1124 3722 1251 partes
3767 1168 3903 1231 eius
3947 1164 4124 1232 inter
4167 1187 4237 1233 se

562 1299 769 1346 nexae
808 1278 943 1343 sint
984 1279 1253 1357 ratione,
1298 1273 1809 1362 praemittenda
1818 1280 1971 1337 sunt
2016 1269 2334 1352 quaedam
2381 1268 2460 1333 de
2505 1268 2758 1333 duobus
2804 1269 2942 1333 eius
2987 1269 3164 1346 lociS,
3219 1290 3382 1352 quos
3427 1271 3541 1352 qui
3586 1290 3714 1333 non
3760 1276 3936 1335 recte
3981 1268 4236 1334 intelle-

561 1381 749 1458 xerit,
796 1380 1099 1444 carminis
1144 1383 1518 1444 contextum
1563 1374 1932 1459 perspicere
1974 1393 2105 1438 non
2147 1372 2411 1455 poterit.
2458 1370 2744 1448 Quorum
2788 1370 2972 1453 prior
3015 1370 3123 1435 hic
3167 1377 3291 1444 est:

1375 1529 1489 1594 ille
1528 1548 1785 1611 yravem
1827 1528 1989 1592 duro
2036 1533 2272 1592 terram
2315 1526 2428 1607 qui
2469 1525 2659 1589 vertit
2700 1529 2941 1603 aratrO,

1366 1615 1660 1696 perfidus
1703 1614 1807 1676 hic
1850 1632 2068 1710 caupo,
2112 1609 2296 1675 miles
2339 1614 2697 1690 nautaeque
2728 1630 2853 1690 per
2897 1629 3075 1673 omne

1231 1710 1330 1766 30.
1378 1700 1654 1765 audaces
1696 1719 1873 1762 mare
1916 1699 2026 1779 qui
2073 1703 2349 1776 currunt,
2394 1695 2516 1758 hac
2559 1701 2758 1759 mente
2803 1694 3078 1759 laborem

1376 1806 1512 1851 sese
1554 1787 1739 1865 scr-,ae
1785 1804 1963 1848 senes
2007 1790 2075 1847 ut
2118 1785 2191 1845 in
2236 1783 2367 1845 otm
2415 1787 2550 1845 mla
2600 1782 2911 1857 recedant

1376 1873 1576 1948 aiunt,
1625 1891 1762 1932 omn-
1805 1869 1935 1933 sibi
1978 1870 2111 1932 smt
2153 1874 2442 1948 conyesta
2487 1865 2771 1931 cibaria:
2813 1867 2980 1930 sicut

1364 1955 1662 2037 parvola,
1709 1975 1859 2017 nam
1905 1953 2178 2033 exemplo
2225 1959 2332 2029 cst,
2378 1951 2597 2033 maym‘
2637 1952 2914 2031 for-mica
2959 1950 3197 2015 laboris

1377 2063 1484 2106 ore
1529 2040 1727 2104 trahit
1770 2040 2195 2119 quodcumque
2227 2043 2436 2118 potest
2479 2044 2664 2118 atque
2709 2037 2893 2100 addit
2936 2056 3156 2100 acervo

1234 2135 1332 2189 35.
1377 2148 1557 2207 quem
1600 2128 1810 2203 seruit,
1852 2124 2029 2188 haud
2068 2125 2304 2205 immra
2348 2143 2426 2185 αι
2467 2142 2592 2186 non
2637 2124 2901 2186 incauta
2943 2123 3185 2203 futuri:

1376 2233 1552 2293 quae,
1599 2209 1792 2273 simul
1834 2210 2151 2273 inversum
2196 2210 2530 2273 contristat
2571 2209 2885 2289 aquarius
2931 2228 3184 2285 annum,

1332 2318 1337 2326 ·
1375 2317 1496 2362 non
1547 2316 1811 2377 nsquam
1842 2295 2137 2376 prorepit
2183 2300 2240 2358 ct
2282 2292 2419 2355 illis
2462 2294 2662 2357 utitur
2707 2299 2851 2357 ante

1377 2384 1681 2464 quaes-eim
1726 2400 2000 2461 sap-tens,
2048 2401 2185 2442 cum
2232 2386 2289 2442 ie
2330 2398 2532 2460 noque
2572 2378 2861 2459 fwmdus
2907 2385 3119 2440 aestus

1378 2470 1702 2532 demovsat
1746 2465 1934 2541 luem,
1980 2486 2177 2546 neque.
2219 2463 2435 2542 hieme,
2482 2465 2673 2545 mnis,
2719 2484 2911 2535 mare,
2956 2463 3212 2543 ferrum,

1232 2563 1331 2616 40.
1374 2555 1471 2616 nil
1516 2554 1709 2618 obstet
1753 2552 1884 2630 tien,
1931 2552 2079 2616 dum
2123 2570 2202 2614 ne
2244 2550 2331 2613 sit
2374 2554 2433 2612 te
2477 2548 2672 2613 ditior
2714 2548 2891 2613 alter.

1379 2640 1536 2720 quid
1576 2640 1754 2702 iuvat
1793 2640 2145 2701 inmensum
2193 2641 2251 2698 te
2294 2636 2547 2716 argenti
2579 2635 2837 2716 pondus
2882 2641 2940 2698 ot
2983 2655 3124 2697 aare

1374 2726 1600 2806 furtim
1645 2725 1903 2806 defossa
1947 2722 2235 2786 tv'midmn
2283 2720 2588 2802 deponere
2634 2727 2806 2784 terra
2823 2720 2857 2782 Ρ

730 2860 1127 2942 Interpretes
1196 2859 1355 2923 haec
1422 2859 1617 2925 verba
1683 2860 1777 2923 sic
1843 2858 2130 2941 accipere
2175 2855 2403 2932 solent,
2471 2862 2546 2918 ut
2590 2855 2857 2919 crimine
2903 2854 3074 2937 quod
3123 2876 3177 2917 v.
3226 2863 3323 2918 36.
3371 2874 3511 2937 sqq.
3577 2852 3855 2917 infertur
3901 2854 4217 2919 avaritiae

560 2962 745 3026 illum
791 2982 985 3044 quem
1032 2962 1308 3046 legimus
1353 2962 1578 3045 primis
1622 2960 1854 3025 horum
1901 2980 2199 3023 versuum
2244 2964 2587 3035 aratorem,
2654 2976 3028 3039 cauponem,
3095 2957 3387 3036 militem,
3455 2963 3725 3022 nautam
3771 2956 4126 3041 conpellari
4171 2964 4238 3021 et

496 3050 500 3059 ’
562 3064 871 3130 formicae
939 3063 1306 3149 exemplum
1376 3084 1504 3147 quo
1573 3063 1670 3127 illi
1734 3084 1803 3127 se
1868 3061 2093 3126 tuendi
2162 3080 2359 3126 causa
2425 3066 2716 3137 utuntur,
2785 3062 3102 3125 avaritiae
3148 3080 3371 3125 eorum
3435 3059 3881 3125 inlustrandae
3925 3059 4235 3125 inservire

560 3172 805 3251 putent.
896 3168 981 3231 At
1025 3165 1352 3249 quomodo
1417 3166 1555 3230 fieri
1601 3170 1836 3250 potest,
1902 3170 1977 3228 ut
2019 3172 2211 3246 poeta
2255 3184 2402 3228 cum
2449 3185 2502 3226 v.
2558 3170 2656 3226 38.
2703 3162 2879 3226 dicat
2923 3170 2995 3239 te,
3065 3162 3211 3226 illos
3277 3162 3568 3227 homines
3613 3163 3895 3246 cogitet?
3981 3161 4235 3226 Petitur

556 3268 694 3333 illic
736 3270 932 3347 diveS,
1000 3269 1067 3333 hi
1132 3275 1288 3333 sunt
1339 3288 1670 3352 pauperes.
1759 3268 1858 3332 An
1927 3268 2181 3332 divitem
2247 3286 2386 3330 esse
2453 3265 2801 3330 verisimile
2867 3270 2966 3328 est
3010 3285 3175 3343 eum,
3243 3265 3353 3345 qui
3423 3270 3664 3328 terram
3709 3269 3930 3328 aratro
3997 3262 4236 3329 vertit?

559 3391 642 3432 an
686 3378 920 3435 nautae
962 3370 1278 3436 vocabulo
1324 3393 1477 3437 usus
1524 3377 1696 3435 esset
1740 3378 1933 3454 poeta
1997 3376 2418 3433 mercatorem
2464 3369 2920 3432 indicaturus?
3007 3367 3273 3430 Accedit
3319 3365 3490 3449 quod
3559 3387 3704 3431 cum
3751 3389 3844 3430 vv,
3894 3375 3972 3430 38
4018 3387 4113 3448 sq.
4158 3385 4235 3430 ea

561 3490 729 3553 quae
773 3492 1005 3537 avarus
1049 3472 1300 3539 lucrum
1347 3472 1595 3539 faciens
1642 3473 2017 3547 contemnit,
2062 3478 2542 3545 enumerentur,
2588 3470 3046 3541 aestutndico,
3094 3469 3389 3546 hiemem,
3437 3471 3670 3552 ignem,
3715 3489 3914 3545 mare,
3970 3468 4232 3547 ferrum,

558 3573 611 3637 si
653 3572 755 3637 illi
799 3572 1208 3657 petebantur,
1273 3583 1538 3659 praeter
1582 3584 1800 3641 cetera
1845 3580 2136 3639 senectus
2188 3575 2534 3638 memorari
2603 3572 2898 3637 debebat.
2993 3572 3181 3637 Mitto
3225 3572 3407 3650 illud,
3475 3578 3800 3637 aratorem
3847 3572 4233 3654 sodalesque

557 3676 712 3750 eius,
758 3676 812 3739 si
860 3675 1202 3757 pecuniam
1247 3679 1666 3761 seponebant,
1712 3678 1905 3763 plane
1949 3676 2318 3759 probandos
2364 3677 2582 3753 fuisse,
2629 3675 3101 3757 Horatiumque
3145 3676 3347 3757 magis
3381 3674 3688 3753 decuisse,
3734 3675 4013 3757 gaudere
4059 3675 4232 3756 quod

554 3798 869 3862 seponere
914 3783 1190 3859 possent,
1237 3798 1428 3859 quam
1477 3781 1804 3863 indignari
1852 3781 2025 3862 quod
2072 3785 2483 3843 conarentur.
2556 3778 2718 3842 Vera
2765 3779 2891 3843 loci
2936 3778 3393 3861 interpretatio
3438 3778 3504 3841 in
3550 3785 3855 3862 promptu
3900 3783 4016 3842 est.
4063 3777 4232 3841 Tan-

557 3884 695 3945 tum
742 3881 916 3945 enim
960 3880 1166 3959 abest,
1211 3888 1288 3945 ut
1331 3889 1643 3963 quattuor
1687 3883 1787 3947 illi
1834 3884 2127 3947 homines
2172 3903 2319 3945 cum
2363 3881 2563 3945 divite
2607 3882 2794 3962 quasi
2842 3879 3225 3955 coalescant,
3270 3887 3346 3945 ut
3389 3880 3445 3944 ei
3491 3901 3755 3962 prorsus
3801 3886 4230 3964 opponantur.

556 3982 692 4047 Hoc
738 3984 911 4048 enim
957 3981 1098 4047 vult
1161 3983 1506 4049 Horatius:
1575 3988 1870 4065 „Araton
1939 4005 2163 4068 caupO,
2230 3983 2433 4058 mileS,
2502 3990 2717 4055 nauta,
2785 3983 2897 4047 alii
2945 3983 3137 4046 huius
3189 3983 3443 4065 generis
3488 3982 3780 4047 homines
3846 4002 3962 4046 cur
4005 3987 4226 4046 tantos

553 4084 810 4151 labores
876 4084 1211 4169 perferant
1274 4087 1657 4172 interrogati
1703 4112 1745 4155 a
1787 4095 1870 4167 te,
1916 4108 2129 4165 avare,
2197 4108 2265 4151 se
2309 4087 2443 4151 otia
2500 4086 2625 4151 sibi
2673 4105 2902 4168 parare
2971 4084 3480 4167 respondebunt:
3546 4084 3717 4147 idem
3762 4083 3934 4147 enim
3980 4083 4230 4149 faciunt

554 4187 727 4269 quod
772 4186 1073 4252 formica:
1141 4194 1216 4253 tu
1263 4188 1523 4254 laboras
1591 4211 1665 4254 eo
1735 4197 1987 4256 tantum
2033 4188 2318 4265 consilio,
2386 4210 2468 4252 ne
2515 4197 2577 4253 te
2624 4187 2825 4251 ditior
2876 4187 3046 4251 alter
3090 4187 3236 4252 sit.·‘
3327 4186 3443 4249 Vel
3489 4193 3564 4250 ut
3606 4186 3779 4251 idem
3823 4186 3972 4252 aliis
4015 4186 4229 4251 verbis

555 4287 796 4352 dicam:
863 4288 1221 4368 „Pecuniae
1266 4293 1704 4375 congerendae
1747 4313 1943 4357 causa
1987 4300 2053 4357 et
2097 4291 2196 4355 illi
2240 4299 2308 4355 et
2352 4298 2424 4355 ιιι
2468 4290 2722 4355 labores
2784 4288 3001 4353 fertis:
3072 4288 3184 4353 sed
3229 4288 3326 4351 illi
3371 4295 3564 4365 recte,
3632 4309 3779 4353 cum
3824 4289 3950 4354 sibi
3992 4294 4228 4373 parent

555 4388 708 4467 otia,
774 4396 848 4454 tu
890 4411 1209 4473 perverse,
1278 4393 1387 4475 qui
1436 4414 1603 4476 quae
1647 4394 1769 4459 tibi
1817 4400 2052 4478 parata
2096 4399 2249 4458 sunt
2293 4393 2447 4469 otia,
2515 4413 2593 4457 ea
2637 4398 3013 4455 contemnas
3061 4411 3138 4455 ac
3183 4388 3474 4474 perdaS.“
3564 4390 3961 4470 Quaerentes
4006 4399 4226 4456 autem

554 4490 710 4572 quid
756 4491 1143 4577 interpretes
1184 4494 1401 4560 locum
1446 4496 1733 4578 legentes
1776 4497 1845 4560 in
1876 4515 2164 4560 errorem
2209 4495 2488 4573 duxerit,
2538 4493 2858 4577 duplicem
2902 4493 3303 4575 potissimum
3354 4492 3544 4557 huius
3589 4494 3684 4558 rei
3729 4514 3990 4559 causam
4043 4511 4227 4576 repe·

551 4594 770 4658 rimus.
858 4595 950 4659 Ac
992 4597 1273 4678 primum
1319 4598 1581 4680 quidem
1626 4619 1755 4665 non
1822 4604 2129 4682 poterant
2171 4597 2271 4662 illi
2315 4619 2444 4662 non
2490 4597 2876 4675 existimare,
2943 4601 3201 4677 poetam
3243 4593 3306 4658 h.
3353 4593 3395 4659 1.
3441 4596 3776 4679 repetiisse
3841 4615 4225 4660 commemo-

553 4697 870 4761 rationem
915 4716 1139 4763 eorum
1205 4705 1521 4782 quattuor
1564 4702 1892 4765 hominum
1962 4721 2127 4783 quos
2169 4721 2368 4782 supra
2421 4699 2911 4781 perstrinxerat,
2980 4696 3150 4778 quod
3199 4704 3416 4760 tamen
3458 4705 3534 4762 ut
3599 4699 3786 4763 fieret
3829 4719 4035 4781 neque
4080 4718 4223 4763 sen-

554 4799 906 4865 tentiarum
951 4819 1120 4865 nexu
1164 4802 1303 4868 ullo
1347 4803 1540 4868 modo
1590 4803 2066 4886 requirebatur,
2135 4823 2343 4885 neque
2386 4806 2649 4884 poterat
2713 4801 2854 4865 fieri
2901 4808 3033 4863 tam
3078 4799 3302 4883 inepta
3343 4802 3628 4865 ratione:
3697 4802 4006 4868 habemus
4051 4803 4224 4867 enim

1362 4940 1529 5004 illic:
1650 4938 1936 5018 militem,
2110 4945 2556 5015 mercatorem,
2645 4936 2986 5014 urbanum,
3076 4936 3409 5014 rusticum,

1361 5024 1493 5089 hic:
1649 5031 1989 5104 aratorem,
2107 5044 2481 5108 cauponem,
2642 5021 2928 5099 militem,
3081 5026 3366 5085 nautam.

3825 5130 3892 5190 1*
